2890 4898
295 396 368 441 tvm

294 532 491 590 memoratione
510 533 619 589 videtur
634 530 760 587 concludi
776 544 865 598 posse.
900 530 942 582 De
959 528 1004 582 hir
1020 527 1094 586 enim
1109 528 1150 581 ite
1165 528 1323 581 Athenaeus
1431 574 1432 577 ,

296 647 323 696 p.
341 627 402 681 599.
419 628 460 680 Bt
486 624 546 681 inei
570 641 622 696 περ
646 622 714 693 ἡμῖν
738 621 869 690 ἐμποδών
894 619 990 690 ἐγένου
1006 618 1164 688 κατάλογον
1180 622 1323 688 ymerum

295 718 486 787 ποιουμένοις,
504 715 539 772 ου’
557 714 629 771 κατὰ
647 715 714 777 τοὺς
727 712 925 785 Σωσικράτους
938 716 988 769 rori
1000 714 1193 783 Φαυοιγορίτου
1209 709 1323 776 Ἠοίους

295 807 314 882 ἢ
332 811 384 867 τόν
402 812 459 865 coir
476 810 617 878 γυναικῶν
638 807 793 874 κατάλογον
807 807 978 863 Νικαινέτου
996 808 1049 861 τοῦ
1067 807 1178 874 Σαμίου
1194 800 1213 874 ἢ
1230 804 1321 877 Ἀβδη·
1431 842 1432 855 r

295 906 384 974 ρίτου.
427 904 507 955 Certe
537 901 720 968 amplificasse
739 901 912 954 ¹Sosiorutem
942 900 1063 955 cerminn
1089 900 1218 964 flandi,
1249 900 1322 966 quod

296 995 444 1050 arbitratur
462 993 669 1060 Bernhardy
686 992 846 1060 (Grundriis
858 994 884 1045 d.
901 992 1006 1063 griech·
1018 992 1141 1046 Litterut
1158 993 1180 1044 1.
1194 1011 1223 1060 p.
1236 990 1321 1059 298),

296 1105 330 1140 ex
346 1087 489 1138 Athenaeo
506 1102 557 1137 non
575 1089 664 1151 potest
682 1085 869 1137 demonstrari.

350 1178 478 1231 *scutum
500 1177 628 1229 Herculis
652 1177 724 1243 quod
752 1176 851 1228 dicitur
882 1194 936 1244 quo
959 1178 1041 1229 modo
1070 1193 1205 1229 enuexum
1234 1176 1320 1228 fuisse

296 1269 517 1334 videaturunus,
535 1269 637 1321 dictum
652 1274 693 1320 est
707 1269 742 1320 nd
754 1269 797 1322 So.
807 1287 834 1322 v.
843 1269 868 1320 1.
888 1271 920 1320 In
932 1270 986 1320 hoc
998 1274 1089 1321 eutem
1103 1268 1223 1320 cermiue
1236 1268 1321 1321 focile

296 1363 420 1432 dignosci
437 1366 550 1429 possunt
567 1362 613 1426 (de
632 1360 764 1413 industrio
781 1362 821 1413 sic
838 1360 947 1428 scripsi)
965 1365 1020 1412 tres
1037 1366 1145 1428 partes,
1162 1377 1216 1412 unu
1233 1376 1320 1426 euque

296 1454 483 1522 antiquissime
501 1469 518 1504 e
534 1470 616 1505 versu
634 1453 751 1520 1-5o.,
769 1470 839 1520 qune
857 1453 999 1520 desumpto
1017 1470 1051 1504 ex
1061 1452 1146 1504 Eoeis
1158 1458 1232 1514 eret3
1249 1454 1321 1504 benc

297 1552 402 1615 purtem
419 1546 447 1598 iu
464 1546 546 1599 Eocis
564 1544 630 1612 ipsis
648 1546 730 1613 longe
749 1543 806 1596 ulie
824 1545 947 1597 videntur
963 1551 1057 1599 secute
1075 1563 1147 1611 esse,
1172 1546 1206 1597 dc
1224 1544 1321 1611 quibus

296 1638 400 1706 optime
416 1639 541 1706 exposuit
559 1639 592 1690 0.
611 1638 806 1689 Muellerus
823 1639 887 1691 Dor.
904 1640 938 1691 11.
951 1658 978 1707 p.
985 1638 1045 1693 418.
1064 1638 1191 1692 Secunde
1203 1653 1268 1704 pers
1281 1641 1321 1691 est

298 1746 314 1781 n
333 1748 414 1783 versu
431 1727 581 1795 tot-140„
598 1730 723 1797 quisunt
740 1730 920 1800 coniungendi
938 1748 1001 1782 cum
1019 1730 1144 1785 versibus
1160 1726 1320 1781 tlt-48⁰.

296 1821 338 1873 Ex
356 1821 426 1881 hec.
445 1825 475 1872 ut
491 1821 613 1886 videtur,
638 1827 716 1890 perte
733 1825 869 1889 quaedem
885 1829 916 1876 nt
931 1824 1064 1876 Hesiodie
1080 1823 1243 1876 leudoveret
1259 1821 1320 1873 Ste-

295 1912 429 1977 sichorus,
445 1912 626 1979 probabiliter
643 1915 671 1966 iu
689 1917 782 1983 Cycno
799 1917 883 1984 (quoe
899 1915 1032 1968 sententie
1046 1920 1086 1968 est
1097 1913 1225 1969 Muelleri
1236 1914 1321 1981 probe

297 2003 347 2055 ille
373 2003 409 2054 eb
428 2002 571 2056 welchero
596 2007 671 2074 Cycl.
691 2026 734 2076 cp.
757 2027 784 2075 p.
810 2006 870 2058 199.
897 2013 924 2059 et
945 1991 1186 2059 Murchseheffelio
1208 2025 1237 2074 p.
1261 2004 1321 2058 119.

295 2097 468 2163 sustentate).
509 2097 605 2149 Tertio
630 2114 716 2165 eoque
742 2100 825 2168 longe
847 2096 1034 2151 recentissimo
1058 2115 1122 2165 pers
1147 2104 1188 2151 est
1212 2098 1322 2155 uberior

297 2186 442 2254 descriptio
460 2188 537 2240 Sonti
554 2204 571 2240 ο
588 2206 670 2241 versu
687 2188 739 2239 141
749 2189 866 2255 -aln,
884 2190 918 2242 de
938 2207 993 2257 que
1009 2190 1065 2245 dixi
1082 2193 1118 2244 ed
1135 2209 1162 2244 v.
1180 2190 1241 2244 189.
1258 2189 1320 2242 tls.

297 2283 325 2332 et
342 2279 402 2332 818.
420 2279 505 2332 Senti.

364 2372 620 2439 Aristophanes
637 2374 833 2443 grammaticus
846 2375 959 2443 primus,
975 2380 1006 2429 ut
1020 2377 1136 2445 videtur,
1149 2374 1321 2428 deScutinu-

297 2468 372 2516 ctore
395 2464 523 2516 Hesiodo
544 2465 679 2518 dubitavit
700 2468 741 2532 (v.
758 2484 785 2533 p.
804 2465 864 2519 198.
882 2468 925 2519 ed.
950 2467 1007 2534 n.);
1037 2474 1111 2521 certe
1132 2469 1240 2521 videtur·
1265 2466 1323 2518 eius

297 2556 438 2624 sententie,
457 2556 481 2607 si
492 2556 615 2607 codicem
631 2556 679 2608 Vl.
697 2558 844 2624 sequimur,
861 2559 906 2625 qui
919 2560 1019 2612 hebet:
1038 2557 1075 2620 οός
1088 2554 1139 2612 οόκ
1150 2549 1238 2611 odone
1250 2553 1322 2608 ταό-

296 2665 349 2714 την
366 2644 425 2717 τὴν.
436 2644 605 2703 όπλοιιοιίαυ
619 2642 760 2714 Ἡσιόδου,
778 2651 911 2717 imprimis
928 2653 1022 2704 volere
1039 2651 1073 2702 de
1084 2667 1117 2702 en
1136 2654 1223 2716 purte,
1238 2665 1323 2715 quem

297 2739 415 2795 diximus
428 2737 545 2791 tertium·
568 2738 661 2791 Seouti
675 2745 736 2792 sunt
746 2740 805 2805 olii,
822 2747 852 2795 ut
869 2743 1092 2795 Theodosius
1107 2740 1322 2803 diexnndrinus3
1424 2762 1429 2783 ι

297 2848 326 2892 υ.
343 2832 481 2884 Theodos.
500 2831 652 2883 Grnmmnt.
670 2849 698 2898 p.
716 2830 770 2898 54„
787 2833 905 2891 Bekkeri
920 2836 1023 2888 Anecd.
1042 2853 1068 2902 p·
1085 2833 1183 2899 dim.
1198 2832 1324 2901 ρ.1163.,
1346 2874 1352 2887 .

299 2923 423 2988 cnumcri
443 2924 582 2975 huecdotn
605 2922 691 2973 Onon.
711 2924 756 2975 lV.
774 2942 802 2991 p.
819 2926 880 2979 315.
915 2929 958 2981 cf.
975 2928 1200 2981 Merckschcti'el.
1216 2944 1244 2993 p·
1261 2924 1322 2983 158

299 3015 400 3067 (luntre
416 3032 469 3067 uon
493 3015 635 3067 defuerunt
661 3015 707 3081 qui
724 3017 837 3070 Hesiodi
853 3025 946 3086 portes
961 3021 1147 3088 susciperent,
1173 3020 1201 3072 in
1225 3018 1324 3085 quibus

297 3105 508 3173 Apollonius
524 3105 650 3159 Rhodius
660 3106 720 3160 fuit.
751 3110 780 3161 V.
796 3111 949 3165 Grnmmet.
962 3131 990 3180 p.
999 3113 1060 3166 198.
1075 3132 1101 3165 u.
1117 3113 1175 3165 ed:
1191 3105 1324 3163 Ἀτολίιό-

297 3214 358 3258 ⁹2⁰⁶
382 3195 413 3250 δὲ
436 3194 452 3250 ὁ
474 3194 585 3259 Ῥόδιος
607 3197 638 3251 ἓν
660 3200 700 3271 τῷ
723 3198 746 3267 γ’
766 3203 853 3271 φησίν
870 3201 960 3258 ου’τοῦ
978 3200 1050 3259 εἶναι
1068 3204 1098 3258 ds
1120 3224 1151 3259 rs
1167 3204 1219 3258 τοῦ
1236 3219 1323 3270 χοιρα-

298 3290 402 3359 ιιτῆρος
424 3287 473 3345 καί
498 3288 528 3343 ἐκ
552 3291 604 3343 τοῦ
622 3288 672 3344 τόν
696 3289 802 3348 Ἰόλαον
819 3293 849 3349 ίυ
864 3296 906 3367 τῷ
922 3296 1066 3367 καταλόγῳ
1086 3296 1224 3366 εὑρίσκειν
1240 3290 1324 3360 risto-

224 3388 226 3395 “
252 3396 255 3403 ·
298 3381 404 3448 zmirna
420 3383 461 3452 τῷ
476 3376 613 3452 Ἡρακλεῖ,
629 3383 681 3436 nisi
697 3387 870 3440 scribendum
886 3405 946 3440 esse
962 3389 1084 3442 videtnr=
1101 3383 1281 3446 Ἀπολλώνιος
1293 3382 1324 3437 δὲ

299 3469 315 3526 ὁ
332 3468 443 3533 Ῥόδιός
461 3488 547 3539 φησιν
560 3468 658 3527 οιότοό
672 3471 746 3529 εἶναι
761 3505 797 3518 -
814 3477 845 3532 ίυ
861 3481 901 3550 τῷ
914 3480 937 3545 γ’
951 3479 1095 3553 καταλόγῳ
1115 3510 1150 3525 -
1168 3517 1175 3533 .
1209 3480 1324 3531 Praetor

298 3564 472 3629 Apollonium
494 3565 680 3634 Megncies
703 3569 875 3623 Atheniensis
891 3571 990 3624 dicitur
1007 3590 1056 3640 pro
1074 3572 1194 3642 genuino
1211 3569 1325 3633 Hesiodi

297 3655 420 3708 carmine
445 3655 583 3709 habuisse.
617 3657 674 3709 Sed
698 3675 748 3724 pro
773 3661 902 3729 Megecle
926 3663 983 3716 eine
997 3665 1079 3717 dnbio
1098 3682 1162 3718 cnm
1179 3662 1325 3730 Schweig-

298 3746 435 3801 hueuscro
453 3748 489 3798 nd
506 3748 603 3802 Athen.
621 3748 656 3798 T.
679 3749 721 3801 xl.
736 3767 763 3816 p.
776 3750 836 3803 nto.
851 3755 1061 3809 introducendus
1075 3763 1135 3810 eret
1147 3752 1325 3824 Megecli·

298 3838 377 3902 des,
403 3839 512 3906 dequo
529 3840 568 3893 itu
585 3841 742 3895 Athenaeus
759 3844 820 3894 xn.
839 3863 865 3912 p.
882 3845 942 3898 512.
958 3849 1005 3899 E.:
1031 3848 1139 3922 Διόπερ
1164 3847 1213 3903 καί
1230 3850 1325 3912 Μιμα-

301 3928 411 3997 ιιλοίδης
428 3928 542 4004 ἐπιτιμᾷ
564 3937 624 3991 τοῖς
645 3935 716 3997 μεθ’,
728 3929 856 4004 ’Όμηρον
880 3937 929 3990 καί
949 3936 1079 3996 Ἡοίοὸου
1095 3945 1239 4008 ποιητοῖς,
1261 3935 1326 3991 door

299 4021 364 4108 πυρὶ
386 4018 552 4093 Ἡρακλέους
574 4020 718 4094 είρήκαοιυ
735 4045 760 4078 κ.
780 4046 805 4080 τ.
822 4031 846 4081 λ.
881 4029 1011 4084 Eiusdem
1034 4052 1088 4087 uon
1106 4036 1249 4087 immemor
1266 4033 1326 4082 erut
1409 4078 1414 4085 .

301 4114 479 4173 Heinrichius
496 4115 585 4183 preci.
603 4117 678 4170 Scor.
694 4136 722 4186 p.
734 4118 844 4186 nullu,
859 4137 1014 4191 qumquem
1025 4129 1101 4195 opud
1114 4129 1231 4180 eundem
1242 4123 1327 4177 ntue-
