2890 4898
261 382 312 435 m

263 525 292 581 in
316 541 397 581 snam
418 526 518 583 oriem
542 516 604 581 ossa
626 523 743 581 Hesiodi
763 524 933 583 tmnstniisse
954 528 1161 585 Orchomenia
1177 530 1293 601 diosna,

266 619 334 675 olim
351 637 386 673 ox
402 622 465 674 Ιοοο
482 620 623 691 Plumrehi
640 621 714 689 apud
730 621 878 674 Proculum
893 624 960 676 Hes.
977 624 1061 693 Oper.
1078 623 1142 677 ool.
1159 627 1206 693 (Τ.
1222 627 1295 679 xlv.

264 730 293 782 p.
310 712 371 771 808.
392 715 484 778 nno.)
509 712 633 765 oonoiudi
658 730 740 781 posse
763 718 905 782 putaram
935 721 963 769 et
983 716 1135 770 siodenoo
1160 717 1293 772 conclusit

265 805 521 861 Mosokscheffelius
544 822 570 873 p.
588 804 632 858 29.
666 806 709 860 ltu
730 805 804 860 enim
827 807 972 862 Prueulus:
1004 805 1145 879 Ἀοίκητον
1166 809 1198 866 δὲ
1211 807 1296 879 αύτδ

267 896 315 966 (τύ
328 891 385 964 ’τῆς
395 893 512 966 Ἀσκρης
528 896 687 965 πολίχνιον)
704 893 726 951 δ’
744 895 924 971 Πλούταρχος
941 901 1048 973 ίσίορεῖ
1063 903 1111 957 καί
1128 901 1193 958 τότε
1210 901 1295 967 olous,

268 986 410 1051 Θεσπιέων
427 984 585 1044 ἀνελόντων
606 987 675 1052 πούς
692 990 859 1056 οίκούντας,
888 990 1074 1066 Ὀρχομενίων
1097 994 1128 1049 δὲ
1150 993 1219 1057 τούς
1242 1010 1296 1049 σοι·

266 1078 373 1143 θέντας
396 1078 571 1150 δεξαμένων·
603 1077 676 1138 ὅθεν
698 1082 747 1138 καί
769 1081 821 1138 τὸν
847 1086 919 1141 θεὸν
936 1085 1092 1159 προςτύξαι
1109 1085 1146 1141 τύ
1161 1085 1295 1143 Ἠσιόδου

266 1174 389 1241 λείψανα
406 1176 502 1246 λαβεῖν
519 1174 567 1230 καί
584 1177 685 1242 θάψαι
702 1171 766 1246 παρ’
785 1172 893 1246 αύτοῖς,
912 1177 951 1242 oie
967 1179 1015 1234 καί
1031 1175 1214 1252 Ἀριστοτέλης
1224 1179 1296 1249 φησί
1369 1207 1378 1214 ·

161 1306 165 1313 ·
266 1260 386 1339 χρύφων
409 1265 461 1337 τὴν
484 1263 669 1339 Ὀρχομενίων
693 1270 845 1324 πολιτείαν.
881 1273 937 1325 Sed
963 1290 1016 1326 non
1034 1280 1108 1327 reete
1126 1274 1154 1326 id
1171 1273 1297 1327 eonoludi

267 1378 349 1432 posse
366 1362 433 1414 satis
450 1379 484 1414 ex
500 1378 534 1414 eo
551 1366 681 1430 apparet,
706 1362 780 1429 quod
805 1357 947 1419 oraculum
964 1354 1130 1434 Delphicum
1152 1382 1215 1418 ossa
1236 1367 1297 1418 lie·

267 1454 339 1508 siodi
367 1454 508 1509 transferri
537 1454 740 1507 Orchomenum
765 1454 881 1511 iusserat
909 1473 972 1511 eem
997 1459 1032 1511 ob
1056 1473 1185 1522 oausam,
1213 1457 1301 1524 quod‚·

268 1547 395 1602 Ascraei·
419 1547 536 1616 receptis
565 1546 600 1599 uis
627 1545 831 1613 Orchomeniis,
859 1546 919 1616 ipse
946 1547 1030 1602 etium
1055 1549 1192 1602 Hesiodus
1218 1547 1296 1616 quasi

269 1639 470 1694 orchomenias
487 1640 576 1691 faetus
596 1656 657 1693 esse
675 1638 821 1693 videretur.
858 1639 947 1710 Igitur
962 1643 1034 1708 quod
1052 1643 1216 1695 Plutarchus
1232 1658 1298 1695 nar·

269 1734 343 1786 ravit
360 1733 427 1786 item
444 1732 480 1785 ad
496 1731 677 1798 Naupactum,
693 1749 747 1784 noa
764 1732 799 1784 ad
816 1732 930 1785 Asorsm
947 1735 1071 1801 pertinet.
1106 1734 1154 1787 stc
1172 1734 1245 1786 euim
1262 1733 1297 1789 do

271 1826 325 1880 hau
340 1843 371 1879 re
390 1828 413 1879 P
420 1823 591 1878 ausonias
606 1825 654 1890 IX,
667 1823 753 1891 iidie
770 1821 859 1893 unipes
873 1823 904 1879 di
919 1826 1034 1882 Μινύου
1047 1825 1095 1881 καί
1111 1824 1296 1894 ueroeam·

269 1916 482 1984 καταδέξασθαι
504 1913 536 1968 δέ
560 1931 647 1983 φασιν
672 1911 747 1970 ούτω
773 1904 968 1975 zovenano
994 1916 1073 1975 σ’στιῖ.
1108 1917 1195 1974 νύσου
1213 1938 1298 1974 κατα-

271 2007 466 2081 λαμβανούσης
482 2006 640 2077 λοιμοίδους
656 2009 705 2063 καί
722 2007 895 2082 ἀνθρώπους
911 2012 959 2067 καί
972 2013 1145 2082 βοσκήματα,
1164 2008 1298 2067 οἷποστέλ-

271 2109 353 2163 λουσι
367 2101 497 2175 θεωρούς
514 2098 592 2171 παρὰ
611 2099 661 2156 τὸν
678 2099 750 2156 θεόν
767 2103 812 2172 (oi
828 2102 1023 2174 Ὀρχομένιοι).
1056 2103 1169 2166 τούτοις
1182 2103 1213 2160 ot
1228 2102 1299 2160 οίπσ·

271 2197 426 2269 κρίνασθαι
449 2193 560 2262 λέγουσι
582 2194 634 2263 τὴν
653 2198 786 2263 Πυθίαν,
807 2190 941 2253 Ἡσιόδου
958 2196 995 2253 τὰ
1012 2195 1083 2253 dorni
1101 2195 1132 2252 ἐκ
1148 2198 1199 2266 τῆς
1217 2200 1299 2253 Ναν-

271 2289 393 2351 πακτίας
414 2285 568 2357 οίγαγούσιν
594 2288 622 2352 ἐς
645 2287 698 2360 τὴν
727 2285 927 2361 Ὀρχομενίαν,
962 2286 1030 2347 ἄλλο
1053 2288 1084 2346 δὲ
1107 2288 1181 2345 εἷναί
1202 2306 1299 2360 σφισιν

273 2382 358 2441 onidis
376 2382 454 2450 ίαμα.
489 2380 554 2436 τότε
570 2380 601 2436 δὲ
619 2378 769 2455 ἐπερέσθαι
787 2381 919 2454 δεύτερα,
942 2379 1016 2439 ὅπου
1042 2384 1093 2453 τῆς
1110 2364 1300 2447 Ναυπακτίας

274 2474 348 2533 eote
365 2471 553 2545 ἐξευρήσουσι,
570 2475 618 2529 καί
636 2467 722 2539 αὖθις
739 2474 792 2545 τὴν
810 2476 927 2530 Πυθίαν
944 2477 1042 2539 εἰπεῖν,
1060 2473 1099 2538 oio
1113 2477 1235 2546 μηνύσοι
1253 2497 1299 2532 κο·

274 2567 350 2642 ρύνη
374 2569 478 2636 σφίσιν.
514 2562 590 2622 odeo>
613 2556 673 2631 τοῖς
695 2568 872 2641 θεοπρόποις
896 2567 1037 2638 α’ποβοῖσιν
1055 2571 1095 2633 τίς
1111 2568 1164 2639 τὴν
1181 2572 1236 2641 γῆν
1252 2568 1299 2625 xd-

273 2682 345 2735 τραν
360 2680 391 2717 τε
408 2656 443 2716 ού
460 2658 556 2732 πόρρω
571 2662 622 2728 τῆς
640 2656 712 2715 ύδού
727 2659 844 2731 κοίτην
861 2656 966 2732 ὄρνιθα
984 2660 1030 2721 ἐπί
1053 2664 1090 2733 τῇ
1106 2659 1196 2736 πέτρᾳ
1213 2660 1300 2724 φασίν

275 2751 416 2826 ὀφθῆναι.
439 2752 488 2808 καί
512 2756 565 2809 τού
579 2750 710 2808 Ἡσιόδου
735 2755 788 2824 [τε]
807 2752 843 2810 τὰ
868 2752 938 2810 ὀστᾶ
962 2746 1045 2824 εὖρον
1068 2752 1098 2809 ἒν
1115 2755 1231 2828 χηραμῷ
1248 2756 1300 2824 τῆς
1378 2758 1391 2779 ‘

275 2848 388 2920 πέτρας.
423 2847 480 2902 Καί
503 2844 608 2915 ἐλεγεῖα
634 2835 737 2915 {scirpi
753 2846 886 2915 μνήματιι
895 2845 1094 2919 ἐπιγέγραπται
1103 2848 1139 2916 ⁶).
1173 2851 1252 2902 Haeo
1276 2847 1301 2902 si

276 2943 338 3012 quis
361 2940 562 3009 comparaverit
584 2956 647 2991 cum
673 2937 756 2992 coniri
781 2939 878 3014 fabula
894 2939 1116 2995 Lacedaemonia
1137 2943 1210 3010 epod
1227 2931 1301 2994 ile·

240 3094 243 3103 ¹
276 3036 437 3089 rodotum
454 3035 475 3099 1,
493 3032 536 3085 θλ.
554 3035 588 3086 de
606 3031 711 3086 Orestis
728 3033 848 3095 ossibus,
874 3050 937 3085 eum
952 3034 1157 3087 Atheniensium
1180 3032 1302 3088 custodia

277 3128 426 3196 Oedipodis
442 3131 470 3179 et
479 3125 584 3180 Thesei
596 3125 706 3191 ossium,
724 3126 838 3178 heroem
854 3125 942 3178 fuisse
956 3128 1109 3180 Hesiodum
1121 3127 1232 3180 Boeotis
1248 3143 1301 3179 uon

276 3221 368 3291 magis
385 3219 520 3273 dubitabit
536 3236 619 3287 quam
635 3221 789 3272 Homerum
806 3218 891 3272 Chios
907 3221 1021 3273 heroem
1033 3211 1148 3273 uoluisse
1166 3223 1206 3287 (r.
1220 3220 1262 3275 Ni
1272 3237 1303 3272 e·

276 3315 377 3369 buhr.
396 3314 466 3367 Hist.
484 3315 518 3365 R.
538 3314 560 3366 1.
578 3331 606 3381 p.
623 3311 683 3365 347.
700 3313 742 3365 ed.
760 3312 835 3378 nt),
862 3318 992 3380 tanquam
1015 3314 1175 3381 prinoipem,
1199 3311 1246 3379 qui
1256 3310 1301 3363 ia·

277 3408 386 3463 miliana
410 3406 547 3476 poeticam
564 3406 689 3460 ducebat.
723 3406 934 3475 Intelligendum
959 3411 1000 3459 est
1016 3411 1123 3466 autem,
1151 3418 1234 3468 quum
1251 3416 1303 3468 pro

279 3503 363 3555 heroe
380 3500 500 3567 aliquem
517 3501 659 3553 colendum
676 3516 736 3552 esse
754 3500 929 3562 arbitrantur,
946 3496 1193 3565 splendidissimum
1205 3492 1303 3559 rideri,

279 3595 304 3648 si
320 3593 464 3664 indignum
479 3594 586 3647 tradant
602 3592 775 3648 interfectum
794 3610 861 3646 esse.
896 3590 968 3644 Hine
984 3589 1082 3642 fabula
1099 3589 1133 3641 de
1145 3592 1233 3640 morte
1243 3587 1304 3641 He·

296 3803 328 3872 ⁴)
351 3805 391 3855 De
408 3805 479 3870 loco,
497 3822 550 3872 quo
570 3804 699 3856 Hesiodus
717 3804 835 3870 sepultus
853 3804 897 3867 sit,
915 3817 992 3870 qoem
1009 3796 1158 3850 Uiricheius
1180 3814 1209 3850 ee
1227 3796 1303 3847 deto-

348 3874 421 3924 xisse
438 3884 522 3941 putot,
538 3890 643 3940 agemus
662 3873 695 3923 sd
713 3873 818 3922 Tzetzis
837 3870 1085 3920 commentationem
1105 3868 1231 3933 degente
1246 3867 1303 3915 He-

349 3942 427 4006 siodi‚
445 3960 522 4010 quam
541 3942 603 3992 huic
622 3941 779 4008 praefationi
796 3939 967 3991 adiiciendum
986 3938 1141 3988 cunnauimus.

303 4009 332 4079 ⁵)
359 4012 400 4062 Ad
418 4012 446 4064 h.
472 4011 491 4062 l.
511 4022 583 4061 recte
600 4019 738 4076 monuerat
754 4008 905 4059 Siebelis
930 4006 1069 4074 legendum
1089 4023 1147 4056 esse
1165 3998 1305 4069 ἕπιγὲγροι·

349 4096 419 4134 πται
441 4097 491 4147 pro
518 4076 713 4149 ἐπεγέγραπτο.
756 4079 815 4127 lure
839 4076 1054 4127 obsecundarunt
1076 4075 1101 4125 ei
1128 4073 1247 4125 Wstnius
1274 4076 1304 4118 et

272 4147 276 4152 ’
350 4148 529 4211 Schubartus,
554 4147 600 4215 qai
624 4146 717 4200 eodem
738 4146 797 4197 iure
814 4161 845 4200 vs
862 4141 1080 4214 ροσῑ,Ἡσιο’δου
1098 4141 1201 4195 uncinis
1217 4135 1304 4189 iuclu-

311 4268 314 4279 ,
351 4227 450 4271 seruat.
