2890 4898
1103 401 1155 441 tul

20 518 21 527 ,
121 542 177 597 dixi
196 556 290 608 supra.
326 540 424 592 Restat
444 538 538 606 quinta
557 541 598 608 (v.
620 536 719 590 165-
735 537 811 604 115.)
837 554 854 590 a
878 537 1017 605 rhapsodo
1035 538 1155 604 quodam

125 636 252 705 profecta
271 649 322 701 pro
340 650 381 684 vs.
400 627 541 680 11-21.
576 630 618 681 Ex
643 630 687 681 his
705 634 821 697 apparet
842 648 887 682 me
912 631 947 682 ab
972 647 1006 681 ea
1029 628 1156 697 opinione

122 730 158 782 ds
175 732 284 796 septem
309 722 414 776 exordii
440 721 658 785 recessionibus,
683 739 765 788 quarn
783 722 817 774 (i.
834 724 1011 774 Hermannus
1027 722 1054 774 in
1072 739 1156 792 saga-

124 821 234 873 cissima
245 820 282 870 ad
296 819 413 885 hymnos
420 815 584 867 Homericos
597 814 767 882 praefatione
781 815 849 867 olim
866 815 998 881 exposuit,
1012 830 1082 865 nunc
1097 814 1156 869 lere

123 912 258 973 descisse,
293 924 449 975 quanquam
479 908 548 960 illud
572 909 744 959 Hermaunus
769 907 965 959 demonstravit
993 908 1154 972 luculenter,

122 1002 317 1070 interpolatum
335 1001 428 1052 multis
446 999 515 1055 locis
533 1016 592 1051 esse
611 999 792 1066 prooemium.
828 998 895 1049 Eius
918 1007 1008 1051 autem
1034 1000 1156 1066 interpo-

123 1094 232 1148 lationis
256 1095 309 1145 duo
334 1097 396 1144 sunt
421 1093 547 1158 exempla
569 1090 739 1142 breviora
763 1090 938 1158 gravissima.
973 1090 1097 1142 Alterum
1114 1094 1156 1142 est

122 1186 152 1238 iu
169 1186 223 1238 ista
240 1183 356 1237 Hesiodi
374 1200 423 1250 per
441 1184 535 1234 illusas
559 1183 783 1249 compellatione,
808 1199 878 1248 quac
896 1181 1035 1248 Apollonii
1052 1181 1156 1234 Rhodii

120 1283 248 1345 tempore
264 1277 403 1343 aliquanto
422 1272 531 1325 uberior
548 1273 633 1325 fuisse
658 1273 780 1326 videtur:
816 1291 881 1324 nam
905 1272 944 1324 ita
967 1273 1153 1326 scholiastes:

121 1363 303 1430 Ἀπολλώνιος
327 1367 358 1421 δὲ
382 1364 397 1420 ὁ
420 1363 526 1427 Ῥόδιος
550 1366 655 1418 λείπειν
679 1362 729 1418 τὸν
751 1365 863 1435 πρῶτον
880 1365 973 1432 στίχον
993 1366 1094 1433 φησίν·
1119 1361 1155 1419 osi

120 1453 436 1524 ariomanitidas·
461 1454 592 1525 ποιμένες
609 1478 633 1508 ν.
651 1477 676 1510 τ.
694 1461 734 1520 λ.;
759 1459 920 1511 sententiam
943 1457 1079 1524 Apollonii
1102 1474 1155 1510 non

121 1558 195 1606 recte
222 1552 391 1604 intellectam
414 1567 473 1602 esse
497 1566 514 1601 a
531 1550 688 1602 Scholiasta
706 1548 772 1601 satis
796 1567 828 1601 eo
854 1549 1057 1617 comprobatur,
1083 1549 1154 1615 quod

122 1645 264 1714 cognitum
282 1641 424 1710 Apollonio
448 1641 534 1692 fuisse
556 1655 666 1692 versum
684 1639 725 1690 26.
751 1640 901 1692 ostenditur
925 1641 982 1693 eius
1001 1638 1152 1694 imitatione

123 1733 188 1790 οἷον
206 1734 341 1788 adverbii.
365 1733 412 1786 Sic
428 1733 502 1784 enim
519 1731 565 1783 ille
583 1731 683 1799 Argon.
702 1732 750 1796 111,
767 1730 851 1782 llus:

170 1838 177 1845 ·
224 1821 284 1879 ἀλλ’
301 1821 364 1878 οἷον
381 1821 451 1893 τόνη
467 1820 520 1892 μὲν
538 1819 614 1891 ἐμοῦ,
632 1818 674 1876 ὅτ’
691 1819 802 1877 Ἰωλκόν
818 1822 907 1891 ἵκηαι,

223 1915 326 1987 μνώεο,
975 1986 978 1995 4
1147 1972 1149 1975 ,

121 2013 192 2081 quod
215 2012 275 2063 sine
301 2008 410 2077 antiquo
436 2014 547 2062 auctore
565 2027 617 2061 non
634 2009 719 2062 fuisse
737 2026 866 2062 ausurum
883 2010 1057 2078 Apollonium
1076 2016 1150 2077 puto.

121 2107 176 2160 Sed
199 2102 314 2173 gravius
337 2102 420 2154 etiam
443 2102 511 2154 illud
536 2107 590 2167 est,
613 2103 685 2169 quod
709 2103 783 2154 idem
798 2103 966 2155 scholiastes
988 2102 1092 2154 monuit
1116 2105 1152 2155 ad

122 2216 148 2250 r.
165 2195 214 2247 28:
235 2192 372 2263 γράφεται
384 2193 414 2247 dl
426 2191 604 2263 γηρύσασθαι
618 2187 680 2248 ἀντὶ
698 2196 751 2249 τοῦ
765 2195 863 2261 εἰπεῖν,
883 2196 955 2261 quod
974 2201 1082 2261 praeter
1093 2196 1114 2246 V
1127 2206 1152 2254 l.

122 2290 210 2342 nullus
218 2287 431 2353 codexpraebet.
449 2286 572 2340 Alterum
578 2287 713 2339 brevioris
724 2286 938 2353 interpolationis
951 2288 1106 2353 exemplum
1112 2291 1153 2339 est

123 2382 151 2432 in
167 2383 229 2433 loco
247 2379 432 2443 memorabili,
450 2378 495 2445 qui
512 2379 653 2430 uberiores
669 2394 767 2445 regum
783 2378 879 2428 laudes
896 2377 1075 2443 persequitur.
1110 2375 1153 2427 lbi

124 2491 150 2525 r.
167 2472 211 2525 91.
230 2489 281 2539 pro
300 2464 356 2523 όνόι
374 2468 454 2533 doro,
472 2487 542 2536 quae
560 2475 601 2521 est
619 2469 740 2521 omnium
758 2469 880 2520 codicum
893 2469 983 2532 lectio,
1001 2469 1152 2537 8ο1ιο1.γρ.

123 2559 166 2616 ἄν’
184 2544 289 2631 sincium
325 2564 386 2614 Hoc
405 2563 452 2628 qui
464 2561 532 2630 legit
543 2562 698 2617 Scholiasta
710 2563 761 2630 (ad
773 2562 851 2615 lliad.
862 2561 958 2625 lllllV,
971 2560 996 2611 1.
1010 2579 1037 2628 p.
1054 2558 1114 2611 621.
1126 2577 1151 2612 a.

20 2652 22 2715 j
123 2656 255 2722 Bclrlreri)
279 2655 319 2706 sic
337 2654 528 2720 interpretatus
548 2659 604 2705 ests
629 2650 707 2725 aspri
728 2653 758 2707 di
777 2658 911 2715 Βοιωτοῖς
929 2650 1006 2719 u’yoiv
1024 2650 1041 2719 ἡ
1061 2649 1151 2721 &popei

20 2764 21 2825 j
123 2747 170 2802 aul
196 2742 249 2800 τόν
278 2741 457 2814 ἀγορανόμον
486 2741 649 2817 ἅγόναρχον
673 2748 821 2800 καλοῦσιν·
852 2741 923 2800 ὅθεν
947 2746 995 2800 καὶ
1014 2741 1151 2813 οἶγωνόονς

122 2835 211 2900 θεοὺς
234 2837 368 2903 Αἰσχύλος
391 2834 543 2908 ἄγοραόονς
566 2842 662 2907 (quam
686 2841 778 2907 inepta
803 2839 837 2890 sit
861 2840 932 2891 haec
956 2838 1149 2906 interpretatio,

122 2932 202 2983 docet
218 2930 350 2997 Aeschyl.
368 2929 419 2998 Ag.
438 2927 498 2980 496.
516 2930 631 2995 Blomf.)
650 2930 697 2985 καὶ
714 2929 856 2992 Ἡσίοδος·
892 2927 1040 3000 ἐρχόμενον
1057 2928 1082 2984 δ’
1106 2925 1152 2984 ἄν’

122 3018 225 3090 &ydem
261 3023 349 3087 Atque
367 3038 400 3073 cx
422 3023 475 3073 hoc
492 3022 598 3074 scholio
614 3022 788 3075 Muetzellius
805 3041 830 3089 p.
849 3022 909 3075 339.
934 3025 1069 3075 concludit
1087 3017 1150 3088 „civ’

123 3111 218 3181 olprdso
244 3130 261 3164 a
285 3112 378 3165 multis
404 3118 431 3165 et
457 3114 578 3180 probatis
603 3115 758 3166 auctoribus
781 3113 865 3166 fuisse
890 3115 918 3165 in
947 3115 1068 3166 carmine
1090 3115 1150 3167 sire

121 3209 223 3258 lectum
240 3205 298 3257 sive
316 3203 491 3270 repositurn.’'
524 3206 587 3270 lpsa
604 3206 745 3272 scriptoris
761 3207 847 3257 verba
864 3207 960 3271 adieci,
979 3208 1051 3273 quod
1067 3207 1150 3258 valde

122 3299 239 3349 obscura
262 3295 395 3348 sententia
421 3300 469 3347 est.
503 3297 575 3348 lllihi
598 3313 664 3348 varo
688 3300 771 3365 longe
795 3296 875 3349 aliter
903 3300 1073 3350 statuendum
1091 3315 1150 3350 esse

124 3390 237 3442 videtur.
274 3385 375 3453 Ἀγιόνα
401 3381 507 3455 ἀγοράν
533 3406 593 3439 esse
610 3388 721 3440 Boeotis
743 3406 777 3440 ex
799 3391 861 3439 loco
878 3388 992 3440 Hesiodi
1010 3391 1150 3440 concluse-
1237 3420 1240 3429 ·

122 3486 194 3533 runt.
234 3480 367 3532 Pindarus
388 3481 461 3532 enim
485 3486 513 3532 et
534 3480 723 3548 inscriptiones
746 3480 894 3532 Boeoticae
918 3499 944 3532 n.
967 3479 1045 3533 1583.
1071 3479 1149 3533 1584.
1173 3504 1177 3513 ·

123 3570 200 3624 1585.
219 3570 297 3622 1586.
316 3570 393 3623 1587.
412 3571 489 3623 1625.
506 3573 599 3639 (haec,
617 3588 771 3644 quenquam
788 3573 905 3625 recentis
921 3563 1032 3635 aetatis,
1044 3567 1152 3643 ἀγοράν

124 3664 252 3731 praebet)
285 3679 380 3713 omnes
414 3658 512 3730 οἷγῶνα
535 3666 638 3717 habent
662 3682 694 3718 ea
720 3665 929 3735 significatione,
949 3648 1019 3735 quae
1038 3666 1152 3719 Graecis

122 3760 165 3808 est
181 3754 368 3820 usitatissima,
385 3760 415 3806 ut
432 3756 572 3823 publicam
589 3757 741 3825 panegyriu
759 3756 912 3825 significet,
930 3775 983 3826 qua
1002 3759 1153 3811 certamina

123 3847 229 3899 musica
242 3853 270 3899 ct
278 3846 409 3915 gymnica
417 3848 587 3902 instituuntur
598 3845 865 3916 (Ὀλνμπικόςοῖμοόν
873 3834 947 3917 etos).
966 3853 1057 3903 Hocsi
1068 3853 1153 3906 etiam

122 3939 169 3991 hic
187 3939 293 4002 statuis,
310 3939 427 3992 habebis
443 3957 525 3991 versu
541 3939 583 3991 91.
601 3940 641 3992 sic
659 3943 744 3992 lecto:
771 3937 918 4011 ἐρχόμενον
937 3938 962 3997 δ’
984 3937 1029 3996 ἄν’
1047 3938 1152 4011 ἀγῶνα,

122 4030 258 4098 rhapsodi
279 4031 534 4098 interpolationem,
559 4032 605 4098 qui
625 4033 700 4102 regis
723 4032 839 4085 alicuius
861 4032 1108 4102 ἀγωνοθετοῦντος
1123 4036 1150 4090 in

124 4122 275 4175 certamine
293 4123 476 4189 praesentium
493 4125 598 4176 honore
616 4124 743 4192 prosequi
753 4128 844 4180 vellet.
862 4125 933 4178 Hinc
945 4128 1043 4195 largae
1054 4143 1152 4194 regum

124 4215 218 4269 laudes
242 4215 280 4271 ad
305 4214 469 4284 capiendum
491 4214 549 4269 eius
573 4216 694 4270 animum
716 4216 847 4285 idoneae,
878 4217 925 4284 qui
945 4215 1017 4269 ludis
1036 4215 1153 4282 publicis
