2890 4898
1028 354 1132 401 nuru

170 497 265 551 Flcr.
340 493 410 547 Sunt
425 492 576 548 Florentini
597 497 626 547 et
641 491 816 561 Neapolitani
838 495 931 549 nescio
954 496 1001 564 qui
1024 495 1131 551 elsen-

72 616 75 620 *
170 589 278 656 Nenp.
307 499 320 647 i
339 586 419 654 nepio
438 590 530 642 colluti
547 587 620 655 apud
641 587 848 639 Boissonodum.

363 678 521 730 Editionum
539 695 607 731 vero
624 684 706 732 notae
724 688 785 733 sunt
802 683 871 735 hocs

171 775 203 827 A.
239 774 289 825 Est
310 771 447 824 Aldina.
484 773 576 824 venet.
600 769 675 824 1495.
712 772 762 825 fol.
798 774 870 825 Usus
894 791 955 826 sum
980 776 1132 844 exemplari

102 872 131 924 in
148 869 203 922 due
220 865 326 919 mutilo.
362 865 440 917 Heee
458 870 499 917 est
516 865 697 935 Theogonise
715 871 742 917 et
758 866 833 919 Scuti
851 867 940 934 prima
958 867 1049 920 editio.
1071 870 1131 922 Non

104 963 171 1015 setis
194 964 324 1012 accurate
341 956 551 1031 Schoellius
576 957 639 1010 Litt.
664 958 711 1010 Gr.
730 959 765 1010 T.
790 959 811 1009 1.
838 977 865 1027 p.
884 956 942 1009 los.
968 961 1010 1011 ed.
1037 962 1131 1013 Germ.

105 1054 253 1109 editionem
270 1050 502 1104 Mediolanensem
526 1049 590 1101 enni
607 1048 685 1103 1493.
704 1050 771 1107 dicit
792 1050 912 1103 omnium
928 1052 1045 1104 Hesiodi
1071 1069 1132 1124 cer-

104 1147 209 1200 minum
228 1161 296 1197 esse.
319 1144 349 1194 V.
369 1142 571 1194 Renousrd:
590 1142 707 1194 Annales
726 1143 759 1193 de
778 1141 968 1210 l’imprimeric
989 1146 1036 1197 des
1055 1146 1132 1199 Alde.

105 1241 141 1295 Τ.
160 1239 183 1291 1.
200 1257 228 1306 p.
246 1237 289 1288 11.
308 1236 370 1288 edit.
388 1237 423 1289 11.

177 1332 223 1384 lt.
242 1330 267 1381 1.
286 1328 313 1386 2.
333 1334 394 1380 sunt
416 1326 584 1379 Iuntiuse
611 1341 672 1378 sun.
691 1324 759 1378 1515
781 1331 808 1377 et
830 1324 907 1379 1540.
941 1329 1020 1382 Haec
1045 1333 1132 1385 ultera

105 1426 166 1483 fere
183 1438 313 1491 expresse
328 1422 437 1476 ridetur
455 1421 490 1472 ed
510 1419 651 1489 exemplos
668 1418 802 1471 didicum.

174 1515 245 1569 'ln'
268 1516 406 1568 Hesiodus
424 1530 486 1566 cum
504 1511 625 1563 scholiis.
660 1510 779 1562 Veneriis
799 1510 826 1562 iu
848 1513 963 1565 nedibus
984 1515 1133 1570 Bartholo-

12 1682 14 1693 ἱ
105 1610 181 1666 msei
197 1608 304 1662 Zonetti
321 1604 542 1675 Costemugeusis
568 1620 633 1656 sere
657 1620 723 1655 vero
741 1609 768 1656 et
785 1603 927 1673 diligentis
949 1607 997 1663 lo.
1022 1609 1135 1662 Fren-

12 1698 14 1755 ἷ
107 1698 431 1756 cisciTrinceveli.
466 1697 659 1749 Mnxxxvu.
677 1696 894 1760 4.;cf.wolf
916 1699 995 1752 Auel.
1013 1700 1065 1754 litt.
1083 1702 1132 1754 111.

12 1790 14 1793 ⁸
107 1793 216 1865 putot.

175 1888 228 1940 St.
264 1886 367 1938 Poetae
393 1881 493 1935 Grneci
520 1881 659 1951 principes
686 1883 793 1937 heroici
820 1884 886 1937 editi
912 1885 947 1937 sls
977 1884 1134 1939 Henrico

105 1980 293 2049 Stephano
310 1976 388 2030 1566.
410 1977 459 2030 tol.
477 1977 594 2044 Steph.
611 1992 649 2027 m.
667 1980 728 2027 snut
744 1975 840 2029 vedeo
858 1979 1024 2031 ecodicilsus
1038 1980 1134 2033 lectio·

106 2091 156 2127 nes
179 2073 215 2125 als
240 2072 361 2125 Henrico
387 2071 527 2139 Stephano
553 2068 581 2121 in
601 2068 727 2137 margine
749 2074 883 2122 cometes.
919 2072 960 2123 lle
978 2073 1022 2124 his
1039 2074 1135 2126 lectio·
1203 2092 1209 2107 ¹

12 2216 14 2219 ,
108 2169 188 2222 uibus
206 2162 436 2219 Muetnellius
453 2180 477 2231 p
499 2161 550 2215 3⁰:
576 2162 779 2230 „Gestigsudus
796 2162 850 2213 hoc
867 2165 928 2214 loco
947 2171 988 2217 est
1004 2166 1135 2236 egregius
1196 2229 1202 2243 N

109 2256 271 2326 Goettlingii
288 2273 365 2308 error
381 2255 512 2308 tradentis
528 2254 621 2307 varies
638 2271 654 2305 e
671 2254 810 2306 codicibus
826 2256 955 2309 lectiones
974 2258 1009 2309 ab
1023 2258 1059 2309 Η.
1074 2261 1136 2312 Ste-

107 2352 202 2422 phano
216 2351 243 2402 in
252 2349 377 2418 margine
388 2346 473 2399 fuisse
482 2344 631 2399 enotatas.’‘
643 2347 712 2411 (Sed
727 2348 934 2418 τραγικωτὲρως
948 2351 1030 2402 etium
1043 2369 1070 2418 p
1084 2349 1135 2405 tl:

105 2440 306 2510 „Temerarius
328 2438 401 2491 enim
425 2445 466 2492 est
483 2440 643 2510 Goettlingii
659 2456 737 2492 error
759 2441 905 2493 lectionem
928 2443 1044 2495 alicuius
1060 2442 1137 2495 codi-

12 2604 14 2609 .
108 2534 150 2588 eis
182 2549 199 2587 a
225 2532 364 2599 Stephano
389 2533 525 2599 prolatum
549 2531 596 2583 hic
622 2549 680 2584 esse
705 2532 890 2602 iudicantis.”)
930 2537 1005 2590 Tam
1028 2536 1135 2606 tragico

108 2627 185 2681 festu
201 2624 423 2694 perstringendus
441 2629 500 2675 eret
517 2623 687 2676 Goislordius
703 2626 903 2696 protegemur,
931 2645 993 2680 cum
1011 2645 1063 2696 qno
1082 2645 1135 2698 ego

108 2718 202 2773 errori
226 2717 459 2786 deuterugonisto,
485 2718 608 2770 simodo
635 2719 732 2771 errari.
768 2720 839 2772 Nem
862 2721 922 2787 quis
945 2721 1029 2773 facile
1057 2726 1136 2789 puto·

12 2866 14 2893 V
106 2811 151 2867 bit
167 2813 201 2863 ll.
220 2812 405 2878 Stephanum,
432 2810 618 2862 doctissimum
640 2811 744 2878 virum,
769 2814 805 2865 od
823 2814 931 2882 Theog.
955 2812 1032 2865 1013.
1057 2831 1136 2866 suum

12 2910 14 2957 i
108 2923 152 2976 pp.
174 2900 309 2972 Ἀμύμονά
336 2920 365 2955 rs
388 2898 523 2972 κρατερόν
546 2919 575 2954 re
594 2902 704 2969 petiisse
729 2922 764 2956 cx
781 2905 877 2958 Latina
894 2904 1137 2973 interpretatione?

12 3024 14 3033 ν
107 2998 146 3050 Es
165 2997 190 3048 si
205 2997 260 3048 hoc
277 2994 412 3059 statueris,
430 2995 502 3062 quod
519 3011 598 3046 nemo
616 2995 699 3049 facile
715 3004 823 3062 statuet,
842 2999 888 3064 qui
899 3000 1068 3067 Stephanum
1087 3016 1136 3051 no-

12 3142 13 3145 ,
107 3089 189 3152 verit,
207 3090 279 3140 unde
296 3088 370 3140 idem
386 3087 542 3154 Stephanus
560 3088 595 3138 od
612 3088 686 3140 Scut
703 3088 763 3142 358.
784 3107 862 3141 suum
885 3111 928 3160 γρ.
953 3091 1046 3163 egdoni
1080 3093 1137 3144 Pu-

107 3181 267 3236 tabimusue
293 3179 381 3232 virum
405 3179 643 3248 diligentissimum
667 3180 707 3231 sic
731 3199 779 3248 pro
804 3182 917 3235 orlsitrio
935 3183 1084 3234 correxisse
1103 3199 1137 3232 cx

12 3274 14 3323 l
108 3274 157 3327 Tr.
176 3270 270 3339 oor'ys't
303 3272 372 3324 Utor
397 3279 488 3342 autern
507 3273 559 3323 hoc
577 3275 703 3340 exemplo
730 3273 864 3339 imprimis
882 3292 943 3327 eam
961 3275 997 3324 oh
1016 3288 1137 3332 causam,

12 3350 13 3437 s
108 3372 141 3419 ut
166 3383 287 3418 errorem
310 3363 542 3434 typographicum
561 3381 588 3430 p.
606 3363 666 3415 lli.
693 3365 864 3417 commissum
890 3365 1043 3433 corrigem3
1069 3363 1137 3416 scri-

107 3460 230 3512 bendum
248 3463 290 3510 est
306 3459 393 3510 enim:
412 3457 478 3523 νῶϊ]
496 3454 566 3527 voirs
583 3457 623 3509 St.
641 3470 742 3525 marg„
761 3453 832 3523 ocios
850 3458 904 3509 V2.

12 3600 13 3613 ,
182 3550 238 3602 Gr.
273 3550 366 3605 Editio
384 3549 491 3603 Ioannis
508 3549 622 3614 Clerici,
642 3567 705 3601 cum
722 3549 883 3602 lectionibus
901 3550 1046 3604 Hesiodeis
1063 3551 1136 3605 loir.

107 3644 144 3697 G.
166 3643 325 3696 Graevii.
360 3642 508 3696 Amstelod.
527 3642 603 3694 1101.

178 3736 203 3788 Is
211 3753 300 3788 oesn.
336 3735 474 3787 Hesiodus
493 3751 526 3787 ex
538 3734 696 3788 recensione
706 3737 729 3787 1.
740 3735 892 3790 Robinsoni
903 3741 1013 3789 curante
1030 3737 1138 3789 hoes-

105 3845 204 3884 nsro.
241 3829 314 3898 lips.
333 3827 410 3881 1778.
436 3827 462 3880 8.

179 3922 289 3974 (tuisf.
315 3919 420 3972 Poetae
437 3919 556 3973 minores
575 3920 684 3987 Graeci,
700 3921 848 3990 praecipua
865 3920 989 3974 lectionis
1006 3919 1139 3973 verietate

106 4020 136 4067 ct
152 4015 292 4069 indicibus
308 4013 531 4081 locupletissimis
542 4013 667 4068 instruxit
684 4014 841 4076 Thomas
859 4013 1033 4068 Gsisford.
1050 4013 1138 4067 Oxou.

105 4105 181 4161 1814
197 4138 231 4149 -
248 4106 327 4162 1sso.
352 4107 410 4159 ru
428 4106 450 4158 1.
467 4088 529 4159 1v.'
541 4106 628 4174 (urps.
646 4106 681 4162 r.
697 4107 711 4159 1
728 4138 763 4148 -
780 4107 830 4160 ιιι.
853 4105 946 4175 1823.)
970 4104 995 4158 s.
