2890 4898
423 643 520 714 Vlll.
572 644 634 712 De
669 644 899 712 codicibus
932 642 1131 715 Hesiodi.

331 820 364 872 In
386 820 440 871 hac
465 820 554 871 altera
570 817 685 871 Hesiodi
711 815 861 894 carminum
887 816 1005 870 editione
1022 816 1050 869 in
1073 817 1232 870 universnm
1249 833 1294 870 se-

264 916 341 966 ιιιιιιι
358 928 419 962 sum
437 926 484 963 eas
501 912 595 980 leges,
624 925 692 976 quas
709 908 736 961 in
754 909 895 976 superiore
912 908 1030 972 editione
1047 909 1117 962 mihi
1134 911 1193 977 ipse
1212 925 1293 976 prae-

263 1004 435 1072 scripseram.
477 1003 595 1056 Textum
628 1002 662 1055 ad
690 1001 798 1053 codices
829 1001 1040 1070 manuscriptos,
1072 1019 1140 1070 quos
1164 1007 1210 1054 aut
1233 1001 1293 1069 ipsa

263 1095 363 1149 contuli
381 1094 494 1148 autulii
512 1094 691 1159 contulerunt,
709 1094 747 1145 ita
765 1093 900 1157 constitui,
919 1100 949 1146 ιιι
966 1094 1165 1163 antiquissimos
1182 1094 1292 1161 quidem

262 1188 410 1256 praecipue
428 1202 567 1259 sequerer,
585 1186 633 1237 sed
651 1186 720 1237 alios
738 1185 829 1250 etiam,
848 1201 1001 1253 quenquam
1019 1187 1192 1252 recentiores,
1209 1187 1233 1238 si
1245 1201 1292 1237 ra-

261 1278 300 1335 tio
329 1279 477 1342 suadebat,
508 1256 534 1330 in
564 1277 632 1330 locis
661 1277 824 1344 quibusdam
853 1277 1032 1345 praeferrem.
1071 1277 1196 1344 lneptum
1220 1275 1292 1327 enirn

261 1369 359 1423 fnisset
396 1370 424 1422 in
450 1376 506 1422 tam
531 1369 648 1437 antiquis
671 1368 837 1421 carminibus
860 1385 942 1420 unum
967 1369 1087 1436 aliquem
1106 1368 1228 1419 codicem
1246 1366 1294 1419 vel

263 1468 351 1515 certas
378 1463 511 1529 quasdam
533 1461 658 1513 codicum
682 1459 803 1513 familias
826 1477 893 1527 quas
912 1462 1003 1513 dicunt
1020 1467 1151 1527 tanquam
1169 1456 1292 1509 clarissi-

261 1570 322 1605 mos
340 1554 535 1622 septentriones
551 1554 638 1620 sequi,
656 1555 801 1620 parvulam
820 1568 884 1604 vero
898 1567 1059 1619 cynosuram
1078 1567 1187 1618 prorsus
1200 1548 1292 1618 negli-

261 1663 337 1721 gere,
355 1646 382 1697 in
401 1663 454 1714 qua
470 1663 510 1711 re,
527 1661 683 1713 quanquam
702 1647 737 1698 ab
751 1645 867 1712 antiquis
881 1644 1009 1696 intrantis
1027 1645 1203 1711 reprehensa,
1222 1659 1293 1693 nunc

259 1736 340 1793 multi
357 1737 410 1790 sibi
428 1737 541 1809 egregie
566 1740 682 1806 placent.
718 1738 780 1804 Quo
798 1754 864 1791 vero
883 1753 977 1788 cursus
993 1736 1063 1788 mihi
1086 1735 1230 1788 ridebatur
1247 1733 1292 1786 di-

259 1829 389 1900 rigendus
408 1845 469 1881 esse
492 1811 521 1880 in
538 1830 652 1900 singulis
671 1829 850 1894 carminibus,
876 1829 988 1896 exposui
1006 1829 1192 1897 superioribas
1209 1842 1291 1895 para-
1320 1858 1326 1879 ι

259 1921 384 1990 graphia.
420 1920 597 1974 coniecturas
614 1922 732 1975 aliorum
751 1918 850 1974 admisi
867 1938 943 1988 raro,
963 1937 1039 1974 meas
1053 1921 1202 1974 rarissime.
1238 1921 1291 1972 Er-

260 2028 338 2064 rores
356 2013 392 2067 ab
410 2012 472 2064 aliis
491 2013 632 2080 indicatos,
649 2016 673 2068 si
692 2016 737 2083 qui
755 2017 873 2080 fuerunt,
892 2014 1008 2078 correxi,
1026 2014 1215 2085 imprimisque
1234 2027 1291 2075 eos,

259 2121 327 2173 qnos
352 2105 384 2157 G.
409 2107 596 2173 Hermannus,
627 2108 942 2178 grammaticorum
973 2107 1128 2174 equitum
1159 2103 1290 2157 doctis-

259 2197 369 2249 simus
387 2199 494 2265 (licebit
513 2199 585 2252 enim
602 2200 754 2253 Horatiano
774 2201 846 2253 dicto
866 2200 982 2252 candide
1000 2201 1052 2266 uti)
1071 2197 1174 2254 notavit
1189 2181 1291 2269 Opdso.

259 2289 293 2347 '1'-
313 2290 356 2345 vl.
391 2291 481 2357 Quem
506 2310 559 2362 ego
583 2293 676 2345 virum
700 2294 880 2352 fortissimum
896 2293 1082 2346 lubentissime
1099 2291 1174 2363 sequi
1192 2291 1292 2345 ducem

259 2384 351 2449 soleo,
383 2384 487 2437 hahent
517 2386 590 2438 enim
619 2386 677 2437 eius
704 2403 784 2438 arma
815 2388 869 2438 hoc
902 2403 964 2441 cum
992 2385 1077 2436 armis
1103 2384 1175 2437 illius
1197 2381 1292 2434 herois

260 2476 364 2543 antiqui
390 2493 548 2537 commune,
570 2481 600 2527 nt
624 2476 707 2528 etiam
724 2480 898 2544 medeantur,
927 2479 990 2533 dnm
1016 2475 1149 2530 sanciant.
1186 2470 1291 2525 Nihilo-

259 2567 349 2618 minus
374 2571 467 2618 tamen
487 2567 547 2635 ipse
572 2585 624 2624 uon
647 2570 808 2634 mirabitur,
842 2572 866 2623 si
889 2572 918 2627 in
942 2569 1034 2625 multis
1057 2567 1126 2620 locis
1149 2551 1312 2617 contuma?

259 2675 321 2710 cem
355 2663 436 2726 atque
465 2659 535 2711 adeo
567 2662 760 2716 refractariunr
785 2663 900 2721 militem
925 2681 970 2717 me
992 2658 1141 2716 invenerit:
1177 2672 1292 2712 caecum

260 2749 331 2804 anim
349 2751 540 2819 obtemperare
558 2753 670 2808 liberali
686 2755 798 2807 homine
814 2756 965 2824 indignum.

330 2842 453 2909 (lodices,
474 2844 571 2911 quibus
588 2862 654 2896 usus
671 2863 740 2910 sum,
759 2853 820 2900 sunt
836 2848 885 2899 hi:

327 2935 393 3000 v1.,
411 2937 566 2989 Venetus
584 2939 625 2990 Gl.
643 2940 701 3004 lx„
719 2940 785 2991 Cod.
804 2941 848 2990 Vl.
866 2954 990 3008 pergam.
1009 2937 1066 3004 fol,
1086 2934 1191 2989 saeculi
1209 2932 1290 2999 xlv,

256 3043 309 3083 non
329 3029 393 3094 xv,
410 3035 440 3081 nt
456 3030 542 3082 voluit
558 3031 702 3083 Morellius
720 3034 792 3100 apud
809 3032 941 3084 Wolfium
960 3031 1021 3082 Litt.
1040 3029 1119 3081 dnal.
1133 3027 1180 3081 lll.
1193 3045 1220 3097 p.
1230 3023 1291 3080 266.

257 3117 381 3170 Continet
399 3120 611 3191 Theogoniam,
629 3125 757 3189 Scotum,
782 3124 876 3192 Opera
893 3139 955 3179 cum
972 3120 1093 3177 scholiis.
1129 3121 1292 3173 Translatus

256 3214 298 3260 est
322 3208 350 3260 in
371 3209 571 3270 bibliothecam
596 3216 769 3268 Marcianam
793 3234 827 3269 ex
850 3216 1020 3268 bibliotheca
1044 3213 1094 3267 SS.
1115 3206 1245 3263 iohannis
1263 3215 1291 3263 et

257 3301 345 3354 Pauli.
381 3303 487 3357 Contuli
510 3307 583 3359 lmno
606 3310 728 3362 codicem
754 3325 823 3364 auno
849 3306 926 3360 184⁰.
952 3309 989 3360 ad
1012 3308 1153 3377 exemplar
1175 3301 1291 3358 Hesiodi

258 3393 490 3448 Gaishrdianum.
532 3400 653 3453 Maxime
677 3400 867 3456 memorabilis
893 3404 933 3454 est
962 3406 1074 3473 propter
1100 3392 1290 3467 γηρύσασθαι,

258 3485 330 3551 quod
349 3503 375 3537 v.
394 3485 437 3537 28.
457 3505 506 3553 pro
523 3488 712 3558 μυθήσασθαι
722 3495 846 3561 praebet.

325 3576 396 3642 Vt,
428 3578 543 3633 Venetus
557 3584 629 3637 Βιιι.
643 3586 671 3638 s.
686 3586 776 3638 narn
790 3587 857 3639 osu.
871 3585 917 3638 or.
932 3580 1111 3637 ccccnxrv.
1128 3580 1203 3632 nrm.
1216 3580 1289 3633 xor.

223 3680 226 3685 ·
254 3671 342 3721 chart.
358 3670 450 3722 homb.
459 3680 544 3738 quart.
560 3674 1151 3747 Continetscntum‚TheogoniametOpcra.
1166 3672 1292 3741 Scriptus

254 3768 296 3815 est
310 3779 393 3816 manu
404 3765 538 3821 Demetrii
545 3767 670 3820 Triclinii
679 3768 955 3822 caninam-1320.
974 3770 1005 3821 ln
1019 3767 1075 3823 fine
1089 3764 1162 3819 enim
1169 3765 1292 3837 Operum

253 3852 313 3922 ipse
320 3857 429 3925 scripsit
437 3859 507 3912 haec
516 3860 679 3915 Tricliuius:
695 3857 803 3932 ἐγράφη
810 3859 843 3915 τὸ
851 3860 945 3933 παρὸν
952 3863 1058 3932 βιβλίον
1067 3855 1115 3913 διὰ
1121 3854 1291 3929 χιιρόςὲμοῦ

256 3949 418 4019 Δημητρίου
436 3951 488 4003 τοῦ
508 3955 669 4021 Τρικιινίον
696 3951 845 4007 τελεωθὲν
870 3949 900 4005 ἐν
925 3952 993 4020 μηνὶ
1011 3946 1161 4022 ndyodctqo
1178 3949 1291 4021 εἰκοστῇ

261 4040 362 4123 279]ὶῖ
372 4055 451 4119 ἔτους
474 4046 595 4113 datad*
609 4062 651 4114 dd
665 4062 750 4114 finem
765 4059 962 4129 Theogoniae:
984 4055 1135 4130 ἐτελειώθη
1146 4059 1179 4115 τὰ
1195 4055 1291 4131 παρὸν

252 4147 361 4217 βιβλίον
386 4147 435 4201 aaa
463 4146 555 4218 χειρὸς
577 4149 685 4221 γραφὲν
712 4148 782 4218 ἐμοῦ
806 4153 969 4223 Δημητρίου
996 4154 1049 4208 tori
1075 4152 1237 4225 thuttnicn
1261 4148 1291 4206 ἐν
