2890 4898
282 412 320 459 λιΧ

353 549 463 618 Accipio
486 547 584 617 τῇσιν,
615 544 687 612 quod
702 548 732 596 tn
750 541 817 596 oiim
841 540 947 595 edidisti
964 555 1016 608 pro
1040 538 1118 610 τῇσι,
1142 554 1311 607 quamquam

284 640 410 695 excidere
428 639 562 707 quaedam
579 641 723 705 potuerunt
740 640 803 688 ante
828 629 1001 702 φιλομειδής.
1037 633 1187 701 volgatum
1210 648 1311 702 προσι-

283 734 374 789 δοάσα
391 731 599 801 praeferendum
617 731 725 784 videtur
743 727 824 781 atteri
840 726 1012 797 προϊδοῦσα,
1041 725 1086 777 cui
1103 725 1247 777 tribuenda
1264 726 1312 777 vel

284 827 360 880 haud
386 824 451 877 satis
477 820 589 888 antiqua
607 825 727 886 potestas
744 818 974 887 providendi,
997 833 1068 883 quae
1086 816 1131 868 his
1147 816 1239 869 verbis
1256 833 1311 868 non

284 917 419 981 convenit,
435 916 483 967 vci
499 931 515 965 e
532 912 728 981 longinquo
747 908 1007 978 prospiciendi,
1024 926 1078 960 nou
1095 909 1186 976 magis
1203 906 1310 960 idonea.

284 1011 315 1063 iu
338 1005 511 1078 προσιδοάσα
535 1004 659 1072 intelligo
683 1002 892 1071 pulcritudinem
916 1001 999 1052 trium
1022 1000 1136 1051 istarum
1162 1000 1310 1068 virginum,

284 1116 367 1168 quam
393 1096 545 1164 adspiciens
567 1097 626 1147 Dea
643 1111 677 1148 ee
694 1094 832 1165 maginae
855 1095 1011 1163 neglectam
1028 1109 1088 1144 esse
1105 1094 1142 1146 ab
1161 1093 1311 1161 Tyndareo

284 1191 488 1261 indignabatur.

354 1285 511 1350 Sequuntur
540 1277 696 1347 turpissime
720 1283 861 1345 corrupta,
888 1279 922 1331 de
940 1295 1054 1345 qnorum
1071 1282 1163 1330 tamen
1181 1276 1310 1328 emenda-

284 1378 359 1431 tione
377 1391 428 1427 nou
448 1373 656 1440 desperandum,
672 1370 801 1438 quoniam
819 1374 942 1422 tenemus
959 1371 1162 1438 Echemum,
1181 1370 1310 1421 latentem

285 1471 314 1522 in
332 1485 433 1538 εχειον.
466 1466 569 1518 Totum
586 1462 771 1531 fragmentum
790 1479 843 1531 ego
859 1461 900 1513 sic
918 1461 1116 1514 constituerim:

591 1554 671 1624 τῇσιν
689 1549 720 1606 di
740 1551 924 1621 φιλομμειδὴς
940 1550 1085 1622 Ἀφροδίτη

389 1644 503 1721 ἠγάσθη
520 1646 704 1715 προσιὸυάσα,
722 1642 812 1713 κακὴν
829 1642 861 1698 δέ
878 1637 925 1711 σφ’
944 1642 1043 1714 ἔμβαλε
1061 1641 1168 1714 φήμην.

392 1740 537 1811 Τιμάνλρη
552 1738 604 1806 μὲν
621 1733 704 1792 ἔπειτ’
717 1731 835 1806 Ἔχεμον
852 1732 1017 1808 προλιποάσ’
1035 1735 1170 1809 ἐβεβήκει,

390 1834 464 1887 ἵκετο
482 1825 506 1886 d'
525 1831 566 1891 ste
585 1833 690 1900 Φυλῆά,
710 1831 793 1899 φίλον
810 1829 964 1903 μακάρεσσι
979 1834 1081 1885 θεοῖσι.
1251 1827 1256 1833 “

388 1923 440 1988 Ὦς
457 1923 488 1978 δὲ
505 1920 737 1992 Κλυταιμνήστρη
753 1918 917 1994 προλιποῦσ’
932 1920 1119 1992 Ἀγαμέμνονα
1135 1922 1199 1975 dior

389 2019 513 2088 Αἰγίσθῳ
531 2012 682 2087 παρέλεκτο
700 2014 748 2070 καί
765 2015 852 2071 εἵλετο
869 2018 981 2088 χείρονα
997 2015 1101 2084 κοίτην,

392 2107 441 2165 o'e'd'
456 2106 551 2176 Ἑλένη
568 2104 669 2180 ᾔσχυνε
687 2105 764 2176 λέχος
781 2111 892 2175 ξανθοῦ
911 2106 1068 2163 Μενελάου.

357 2207 387 2258 in
411 2201 553 2272 postremis
576 2207 722 2268 propterea
745 2196 794 2254 ὅδ’
817 2199 911 2269 Ἑλένη
935 2201 1039 2268 recipio
1063 2217 1113 2268 pre
1135 2201 1211 2268 vulg.
1231 2192 1313 2259 nied*

286 2296 390 2366 Ἑλένη,
400 2297 473 2363 quod
487 2290 518 2347 δέ
530 2293 559 2344 in
572 2287 609 2356 eie
617 2292 738 2348 eiures.
750 2294 896 2361 respondet
903 2294 1070 2362 praegrsseie
1080 2288 1225 2362 Τιμάνδρη
1234 2310 1254 2358 μ
1263 2287 1278 2344 s'
1285 2308 1312 2342 ν.

286 2390 443 2446 Sententiar
460 2387 554 2438 sicut
571 2391 684 2439 antem
700 2388 1029 2455 Clytaemnestra-
1043 2386 1093 2439 ita
1107 2386 1246 2437 Helena
1259 2388 1311 2436 cet.

357 2484 485 2536 Ceterum
507 2478 640 2530 restitutio
663 2479 803 2529 neminum
824 2478 1008 2542 Timandrae‚
1032 2478 1149 2532 Echemi
1168 2482 1195 2529 ct
1212 2476 1324 2546 Phylei

289 2577 381 2629 nititur
398 2574 490 2627 verbis
507 2569 643 2645 Eustathii
656 2570 692 2621 ad
708 2570 786 2622 iliud.
800 2573 831 2621 Β.
848 2568 914 2621 616:
934 2569 1041 2631 Φυλεὺς
1056 2566 1117 2640 γάρ,
1136 2568 1232 2638 φασίν,
1249 2586 1313 2637 μυι-

289 2663 391 2736 pavidus
415 2659 578 2731 Τιμάνδραν
601 2657 728 2729 άὸελφὴν
747 2658 859 2730 Ἑλένης
882 2657 1026 2729 uniuerso
1051 2659 1079 2723 a
1101 2658 1135 2716 τά
1153 2662 1314 2729 Δουλίχιον.

289 2758 344 2812 liic
361 2761 453 2807 autem
470 2754 608 2821 Phyleus,
630 2754 752 2807 Hesiodo
769 2754 856 2808 dictus
874 2756 956 2823 φίλος
971 2752 1125 2825 μακάρεσσι
1141 2756 1249 2817 θεοῖσι,
1276 2753 1313 2806 ub

289 2851 412 2902 Homero
438 2847 457 2897 l.
474 2846 495 2897 Ι.
513 2861 554 2896 vs.
581 2843 641 2898 628.
666 2854 779 2900 vocatur
802 2846 851 2900 Art
875 2848 963 2915 φίλος.
998 2848 1178 2900 Timandram
1202 2849 1313 2911 nuptam

288 2939 375 2993 fuisse
387 2937 663 3001 Echcmo‚Arcadum
671 2940 741 3008 rogi,
752 2940 821 2992 satis
834 2945 927 2993 notum
935 2946 976 2992 est
982 2958 1015 2993 cx
1023 2940 1159 2992 Pausania
1165 2938 1238 3000 viil,
1245 2935 1271 3001 5,
1280 2936 1313 2987 lr

288 3032 423 3100 φαίνοιτο
440 3029 466 3083 δ’
483 3022 520 3081 άν
535 3030 576 3101 τῷ
593 3026 699 3101 άστέρῳ
717 3031 774 3084 τάν
791 3030 880 3098 λόγων
896 3032 945 3085 καί
965 3029 1112 3100 Τιμάνδρα
1124 3027 1315 3096 συνοικήσασα

288 3120 308 3192 ἡ
338 3120 489 3192 Τυνδάρεω
508 3121 548 3192 τῷ
573 3117 771 3177 άπσκνείναντι
787 3119 888 3178 “raros
912 3123 1023 3195 Ἐχέμῳ.
1058 3126 1100 3176 Ex
1127 3124 1204 3175 cuius
1221 3121 1316 3174 verbis

289 3220 374 3279 note,
391 3218 421 3265 ut
437 3230 527 3280 spero,
545 3215 648 3284 collige
663 3217 756 3267 locum
773 3216 887 3268 Hesiodi
912 3217 996 3269 fuisse
1014 3215 1118 3268 iontem
1134 3216 1212 3268 istius
1228 3213 1315 3266 tradi-

289 3307 386 3370 tionis,
408 3321 490 3373 quam
507 3322 590 3372 quum
607 3314 689 3375 poeta
705 3308 745 3359 sic
767 3308 918 3376 retulisset,
942 3315 972 3362 ut
994 3311 1128 3362 incertum
1150 3309 1316 3374 relinqueret

289 3401 433 3453 cuiusnam
449 3397 566 3450 Echemi
589 3396 659 3450 inter
683 3400 776 3465 piures
801 3400 922 3452 eiusdem
946 3402 1063 3454 neminis
1079 3401 1230 3454 Timandra
1246 3415 1317 3450 uxor

289 3492 394 3555 inuret,
411 3508 482 3541 nunc
499 3489 662 3556 comparatis
687 3491 791 3542 duabus
813 3492 1018 3556 traditionibus,
1041 3498 1206 3560 receptaque
1223 3495 1317 3558 poste-

290 3584 373 3646 riore,
390 3583 540 3635 Pausanias
557 3582 643 3634 tuisse
659 3583 768 3634 coniicit
784 3583 947 3648 Echemum,
964 3601 1060 3652 rogem
1078 3583 1220 3651 Arcadiae,
1237 3581 1318 3650 Hytli

289 3674 503 3728 interfectorem.
543 3674 575 3727 Si
604 3674 677 3726 cuim
705 3675 870 3727 Heraclidae
899 3676 1043 3728 rediissent
1064 3681 1196 3746 regnante
1219 3673 1316 3726 Oreste

291 3767 337 3833 (ut
360 3765 436 3832 prius
458 3770 619 3817 narraverat
636 3767 656 3829 1,
673 3764 717 3830 41,
733 3764 785 3830 2.),
809 3782 860 3818 nen
885 3767 966 3818 huius
989 3769 1106 3821 Echemi
1129 3767 1249 3835 potuisse
1266 3764 1317 3819 Ti-

292 3859 437 3911 mandram
455 3856 599 3925 coniugem
616 3872 691 3919 esee,
713 3857 762 3908 scd
784 3857 898 3910 iunioris
920 3858 1061 3911 cuiusdam
1083 3860 1215 3925 Echemi,
1240 3857 1318 3909 cuius

291 3954 383 4003 tumen
400 3947 621 4010 arcusarcus,
646 3947 745 4015 quippe
763 3953 928 4002 materterae
945 3950 1058 4014 Orestis,
1081 3956 1184 4006 uultum
1208 3949 1317 4019 pericu-

292 4043 351 4094 tum
368 4040 466 4093 fuisset
483 4040 518 4090 ab
538 4041 664 4091 moecho.
699 4041 792 4105 Haec,
816 4038 869 4091 nisi
887 4040 984 4105 folior,
1009 4049 1051 4096 est
1067 4046 1199 4098 sententia
1216 4042 1318 4096 verbe-

291 4149 355 4184 rum
373 4129 543 4193 Pausaniae,
568 4144 638 4205 quae
655 4133 738 4197 panio
755 4131 914 4186 obscuriore
937 4140 1014 4201 sunt,
1036 4138 1165 4202 necdum,
1189 4137 1319 4202 quantum

295 4223 417 4288 memini,
433 4220 579 4288 explicata.
