2890 4898
296 376 378 422 »xxx

296 513 391 582 ἐννέα
425 518 582 598 γυναῖκας
615 514 742 596 δάφνας
769 514 855 601 αὐτῷ
884 514 1102 595 ήωμιζούσας.
1143 513 1262 601 ἐδήλου
1290 518 1327 584 δὲ

182 608 186 616 “
295 614 334 679 τὸ
364 617 445 692 ὄναρ
475 613 605 687 πάντως
626 610 669 687 ὡς
688 611 817 691 πικρίας
836 611 891 674 καλ
919 613 1031 676 πόνων
1051 614 1248 697 μετεσχηκὼς
1268 621 1327 702 τής

296 711 493 785 παιδεύσεως
513 710 647 792 ἀειθαλῆ
668 709 814 791 γεννήσει
835 710 1015 792 ποιήματα·
1046 715 1150 774 ταῦτα
1170 713 1286 777 τοίνυν
1305 713 1324 778 6

291 800 444 881 Ἡσίοδος
463 807 483 889 ἢ
505 810 578 882 ὄψει
598 805 735 885 ὀνείρων
754 804 947 886 τεθεαμένος
967 804 1021 870 καὶ
1049 807 1252 886 διυπνισθελς
1271 809 1325 876 καί

264 896 334 974 5τδ
360 904 543 985 ποιμαίνειν
569 902 662 983 άφεὶς
691 901 748 967 καὶ
775 904 888 978 πόνοις
916 900 1033 967 ἑαυτὸν
1054 899 1169 981 ἐνδούς
1188 907 1243 972 καλ
1264 931 1323 988 μα-

296 1004 422 1085 θήμασι
450 1000 510 1083 τήν
536 1003 602 1064 τῶν
630 999 766 1079 ὀνείρων
794 997 939 1064 ἐπίλυσιν
968 999 1169 1082 ἐξεπέρανεν,
1198 1005 1219 1087 ἢ
1248 1005 1323 1084 περὶ

296 1100 354 1164 τὸν
370 1092 529 1162 Ἑλικῶνα
549 1097 731 1177 ποιμαίνων
751 1095 936 1180 ἐγρηγορὼς
957 1096 1011 1160 καί
1030 1102 1157 1174 ἄϋπνος
1176 1100 1224 1164 ὢν
1244 1102 1322 1166 σύν·

296 1219 378 1271 νους
396 1218 429 1260 τε
449 1196 531 1274 πρὸς
551 1191 669 1258 ἑαυτὸν
688 1193 830 1275 γεγονὼς
857 1193 912 1259 καί
941 1194 1106 1277 πρέποντα
1125 1202 1210 1262 νοῦν
1231 1195 1322 1281 ἐσχη-

296 1292 361 1367 κὼς
374 1293 604 1372 ἀποδιδράσκει
620 1290 680 1371 μὲν
695 1292 731 1355 τὸ
746 1290 868 1365 εὐτελὲς
882 1291 933 1356 καὶ
950 1293 1139 1371 ποιμενικὸν
1154 1293 1210 1358 καὶ
1228 1299 1322 1379 σκλη-

115 1442 120 1450 -
245 1392 285 1457 10
297 1392 411 1475 ρόβιον
423 1390 475 1455 καί
486 1386 702 1472 προςδραμὼν
715 1396 755 1470 τή
766 1389 931 1452 παιδεύσει
942 1387 998 1453 καλ
1004 1391 1118 1465 πόνοις
1133 1388 1323 1475 ἐγκαρτερή-

295 1503 354 1564 σας
362 1489 503 1570 μεγάλην
511 1493 692 1569 καρποῦται
707 1485 767 1568 τήν
776 1490 931 1566 εὔκλειαν,
948 1482 1002 1550 καλ
1016 1487 1150 1569 βίβλους
1162 1490 1323 1564 τοσαύτας

294 1584 517 1669 ἐξεπονήσατο,
538 1586 577 1659 ἃς
597 1582 660 1665 ἐγὼ
680 1585 831 1647 Μουσῶν
851 1604 884 1647 τε
904 1582 959 1647 καὶ
979 1585 1127 1666 γνώσεως
1155 1582 1323 1667 ἐπίσταμαι

293 1685 447 1766 ψώμισμα
467 1680 523 1746 καὶ
542 1682 670 1761 δάφνας
690 1683 809 1755 λάλους
823 1673 1083 1763 Ἑλικωνίτιδας,
1116 1680 1323 1764 ἑλισσομένας

294 1780 481 1862 ἁπανταχοῦ
502 1778 556 1843 καὶ
576 1781 762 1852 θαλλούσας
782 1775 837 1842 καὶ
857 1780 1079 1860 κηρυττούσας
1091 1777 1151 1844 τδν
1165 1779 1242 1862 πρὶν
1261 1780 1322 1860 μὲν

243 1875 283 1942 15
294 1877 480 1959 οίκτρόβιου
499 1874 554 1941 καί
575 1876 685 1959 άφαυή
706 1873 809 1957 νομέα
829 1877 1009 1956 ποιμνίων,
1039 1883 1105 1941 νῦν
1125 1875 1161 1941 δὲ
1181 1877 1321 1961 ήμίθεον

293 1974 532 2058 χρηματίσαυτα
559 1971 601 2038 δι’
630 1973 745 2056 άρετής
772 1971 828 2037 καλ
855 1973 1062 2049 παιδεύσεως.
1104 1971 1206 2054 ὥςπερ
1226 1973 1321 2038 καλό

293 2071 537 2153 Σωφρονίσκου
558 2070 736 2153 Σωκράτης
756 2069 775 2134 6
795 2069 963 2147 λιθοξόος,
991 2070 1047 2134 καί
1073 2068 1092 2134 6
1113 2070 1319 2154 ἰχθυοπώλης

294 2169 471 2250 Δημάδης,
502 2165 557 2232 καὶ
577 2166 595 2231 6
617 2171 674 2251 τής
693 2167 947 2249 τυμπανιστρίας
967 2167 1129 2250 Αἰσχίνης,
1150 2167 1266 2246 Σίμων
1285 2189 1320 2232 τε

294 2265 314 2331 6
332 2266 487 2341 σκυτεύς,
507 2263 564 2328 καί
583 2264 602 2329 6
621 2258 778 2347 λαχανεὺς
798 2264 995 2346 Εὐριπίδης,
1024 2264 1069 2328 ἔτι
1089 2283 1123 2328 τε
1143 2264 1161 2329 6
1182 2266 1320 2348 Σκύθης

241 2354 497 2446 2οἎνάχαρσις,
527 2360 582 2427 καλ
608 2364 708 2442 άμφω
728 2362 773 2425 τὼ
799 2362 908 2426 δούλω
929 2362 1084 2436 Αἴσωπος
1104 2360 1159 2425 καὶ
1174 2355 1318 2445 Ἐπίκτη-

294 2482 369 2539 τος,
389 2458 444 2525 καλ
463 2459 482 2524 6
502 2460 613 2543 Σύρος
635 2458 742 2542 ῥήτωρ
763 2458 782 2523 6
802 2458 988 2534 Λουκιανὸς
1008 2460 1027 2524 6
1046 2459 1195 2537 λιθοξόος
1214 2458 1320 2525 τεκαὶ

293 2558 491 2642 ήμίδουλος,
512 2555 568 2620 καλ
588 2555 622 2619 οἱ
639 2556 766 2633 λοιποί,
796 2553 916 2637 (ὥςπερ
937 2554 992 2621 καί
1011 2559 1088 2638 παρ’
1108 2557 1187 2639 ήμῑν
1206 2556 1225 2621 6
1244 2579 1319 2638 χρυ-

292 2655 472 2736 σογνάμων
493 2649 614 2726 ἐκεῖνος
634 2655 823 2736 Σωτήριχος
842 2652 896 2719 καὶ
917 2653 936 2718 6
956 2659 1021 2718 νῦν
1039 2651 1160 2734 περιὼν
1179 2657 1235 2736 τῆς
1254 2655 1318 2717 Νι·

292 2751 459 2833 κομήδους
478 2749 672 2830 οίνοπράτης
692 2749 875 2831 α’ρχιερεύς,
897 2747 933 2825 ὃς
954 2750 1030 2815 οὐδὲ
1049 2756 1113 2815 νῦν
1134 2748 1236 2814 ἐθέλει
1255 2755 1317 2815 τού

239 2846 454 2921 θὸπιθεδιυος
482 2843 684 2925 ἐξίστασθαι,
721 2850 790 2910 ἀλλ’
805 2848 864 2912 ἔτι
892 2848 950 2913 τὸν
986 2842 1081 2912 οίνον
1107 2848 1234 2929 μιγνύει
1263 2843 1318 2912 καλ

292 2946 481 3027 μεταβάλλει
507 2936 585 3019 τοὺς
611 2944 796 3026 άμφορεῖς).
838 2944 1081 3027 σννηκμαιιέναι
1101 2944 1132 3009 δ’
1161 2943 1261 3008 αὐτόν
1287 2943 1321 3008 ολ

292 3041 353 3124 μὲν
375 3035 508 3126 Ὁμήρῳ
534 3042 653 3120 φασίν,
689 3042 722 3107 οί
749 3042 784 3107 δὲ
808 3040 863 3107 καί
884 3034 1032 3125 Ὀμήρου
1067 3040 1320 3123 προγενέστερον

292 3134 378 3204 είναι
404 3138 665 3221 διισχυρίζονται.
716 3139 771 3204 καλ
799 3139 832 3205 ολ
859 3139 918 3221 μὲν
946 3138 1200 3220 προγενέστερον
1234 3132 1319 3203 εἶναι

286 3229 435 3321 Ὀμήρου
464 3237 733 3319 διισχυριζόμενοι
761 3235 797 3300 ἐν
823 3237 936 3319 άρχαῖς
965 3230 1049 3300 εἷναί
1068 3251 1149 3319 φασι
1168 3240 1225 3319 τῆς
1241 3230 1318 3314 Ἀρ·

239 3332 413 3417 3οχίπιτου
431 3334 549 3418 άρχής,
567 3329 718 3417 Ὅμηρον
738 3333 773 3398 δὲ
794 3331 830 3399 ἐν
848 3337 894 3419 τῷ
914 3332 1006 3398 τέλει·
1045 3333 1064 3397 6
1085 3334 1114 3397 δ’
1140 3325 1318 3414 ’Ἄρχιππος

292 3423 389 3508 οὗτος
408 3432 481 3507 υίὸς
500 3425 543 3514 ήν
559 3424 726 3510 Ἀκάστου,
747 3431 845 3514 άρξας
862 3425 1046 3514 Ἀθηναίων
1065 3429 1118 3509 ἔτη
1139 3423 1200 3491 λε’·
1228 3426 1261 3491 οἱ
1280 3424 1317 3491 δὲ

216 3522 221 3539 ’
292 3530 497 3611 σνγχρόνους
524 3523 645 3604 αὐτοὺς
673 3523 758 3592 εἶναι
786 3526 932 3610 λέγοντες
965 3527 1017 3592 ἐπὶ
1042 3535 1083 3608 τή
1102 3527 1234 3607 τελευτή
1254 3528 1316 3589 τού

290 3627 553 3708 Ἀμφιδάμαντος
586 3632 647 3692 τοῦ
683 3624 841 3705 βασιλέως
876 3626 1024 3707 Εὐβοίας
1057 3622 1160 3704 φασίν
1195 3614 1317 3697 αὐτοὺς

290 3723 531 3805 ἀγωνίσασθαι,
552 3722 608 3787 καὶ
633 3722 834 3804 νενικηκέναι
854 3715 1010 3787 Ἡσίοδον
1030 3721 1317 3803 άγωυοθετούυτος

291 3859 494 3874 *—

358 3931 392 3982 V.
413 3932 435 3982 l.
471 3925 585 4001 αύτῷ]
604 3928 647 3979 Sic
666 3929 725 3979 Vnt.
761 3931 845 3997 Vulgo
864 3928 960 3987 αύτόν.

357 3996 390 4048 V.
410 4000 450 4052 13.
483 3994 776 4066 Ἑλικωνίτιδας]
795 4001 838 4050 Sic
856 4001 916 4054 Vnt.
951 3999 1040 4066 Vulgo
1057 3993 1267 4053 Ἑλικανίτιδσς.

358 4064 389 4119 V.
407 4067 449 4117 24.
488 4068 571 4126 Quem
589 4064 633 4114 hic
650 4066 813 4117 intellexerit
830 4069 937 4126 nescio3
965 4066 1122 4137 οἰνοπράτη
1147 4063 1254 4114 videtur
1271 4068 1315 4112 tn·
1430 4130 1431 4135 χ

191 4164 197 4171 ·
290 4132 374 4186 berna
391 4150 458 4197 τετε,
476 4135 525 4184 nisi
544 4132 597 4198 leg.
614 4135 821 4203 Νικομηδείυς,
838 4145 869 4186 ut
885 4136 968 4189 ρίνρτι
988 4135 1057 4202 ρίτης
1075 4135 1110 4185 sit
1129 4131 1316 4182 nominativus·

359 4201 391 4253 V.
410 4202 453 4254 34.
488 4201 740 4269 νενικηκέναι]
768 4203 812 4254 Sic
830 4203 891 4259 Vnt.
925 4154 1013 4271 vufgo
1030 4196 1207 4271 νενικηκότα.
