2890 4898
302 354 364 444 lun

305 530 380 579 recte
399 525 505 594 Φυλῆα.
538 525 627 579 Simul
649 525 703 577 hoc
721 524 882 578 Geetiaoum
906 525 1093 595 fragmentum
1118 526 1218 578 docere
1234 530 1334 593 potest,

304 634 390 686 quam
411 618 519 672 lubrica
542 618 649 671 roseit
672 617 830 687 fragmenta
852 624 950 685 poetae
967 620 1040 671 velle
1057 618 1085 670 in
1101 618 1224 671 ordinem
1241 620 1334 688 diepo-

307 727 381 762 nere.
417 710 503 762 Nemo
521 709 593 761 enim
610 709 742 763 divinavit
763 713 809 763 vel
832 709 955 761 divinare
977 714 1085 775 poterat
1109 709 1211 780 hoger.
1227 713 1334 767 CCXX.

307 818 332 853 n.
351 801 415 853 edit.
434 802 650 867 componendum
667 819 727 854 csse
744 819 806 854 cum
823 801 925 870 fragm.
943 801 1032 852 CCVI.

359 896 468 945 Pauca
492 892 595 944 addere
622 892 713 945 liceat.
748 894 829 961 Quod
846 895 959 946 Geeliue
982 896 1044 960 post
1066 889 1221 962 μακάρεσσι
1237 895 1333 949 θεοῖσι

306 1002 417 1039 versum
435 985 566 1038 excidisse
583 987 750 1052 suspicetur,
768 1003 822 1052 quo
838 983 962 1038 Dulichii
978 984 1080 1035 mentio
1097 982 1173 1035 faeta
1190 984 1242 1049 eit,
1269 1001 1331 1037 eam

201 1104 207 1114 v
304 1079 340 1129 ob
355 1093 467 1129 caueam
485 1094 538 1128 non
556 1077 698 1143 probabile
717 1078 834 1145 videtur,
852 1079 923 1146 quod
942 1077 1098 1127 Ecbemum
1115 1075 1258 1142 liliumque
1274 1077 1332 1129 eius

303 1171 461 1223 Evandrum
482 1185 536 1220 una
558 1186 621 1221 oum
633 1171 784 1222 Timandra
805 1171 875 1223 eliae
893 1169 977 1222 etiarn
995 1174 1262 1221 commemoraverat
1273 1171 1331 1222 He-

302 1262 409 1327 siodus,
434 1267 463 1314 ut
485 1262 601 1314 ostendit
623 1263 736 1330 Fragm-
759 1263 905 1326 CCXHL,
930 1261 1002 1327 quod
1026 1275 1079 1328 ego
1096 1258 1177 1313 nimis
1194 1259 1329 1314 contraxit

302 1359 449 1421 sequuntur
466 1354 537 1405 enim
555 1356 628 1422 apud
645 1355 771 1407 Servium
789 1357 873 1407 haec:
902 1353 1021 1406 Iredae
1038 1356 1072 1405 et
1087 1352 1269 1420 Tyndarei
1284 1353 1330 1405 fi-

292 1447 381 1517 lias,
395 1449 725 1515 Clytaemnestram,
739 1449 911 1502 Helenam
928 1453 962 1499 et
979 1446 1215 1513 Timandram,
1234 1461 1331 1513 quam

302 1541 404 1592 duxit
438 1556 584 1615 uxorem
617 1539 793 1592 Echemus
826 1541 950 1604 Areae,
984 1538 1085 1591 cuius
1116 1537 1225 1591 filius
1258 1536 1331 1593 fuit

267 1680 271 1688 .
301 1634 475 1686 Evander.
494 1634 535 1684 Ex
544 1648 577 1683 eo
588 1630 672 1700 igitur
681 1634 751 1708 loco,
766 1650 847 1699 quem
856 1631 969 1685 Scrvirie
975 1630 1003 1682 in
1011 1631 1100 1683 animo
1112 1630 1220 1693 hahuit,
1233 1646 1331 1682 narra-

301 1725 404 1778 tionem
419 1727 453 1777 de
466 1725 594 1777 Dulichio
612 1741 690 1776 suam
704 1725 830 1777 hausisse
843 1727 980 1793 putandus
994 1731 1035 1776 eet
1046 1722 1212 1775 Eustathiue·
1236 1723 1331 1789 Neque

303 1818 374 1870 alius
397 1818 516 1870 Echomi
540 1818 675 1870 statuendi
697 1818 888 1870 necessitatem
910 1818 999 1870 video.
1034 1814 1112 1868 b‘ibil
1136 1815 1210 1868 enim
1228 1815 1330 1867 Pausa·

302 1911 361 1962 niae
386 1910 451 1962 dicit
476 1909 568 1972 aliud,
600 1927 681 1976 quam
705 1910 811 1962 famam
828 1910 922 1962 fuisse·
939 1909 1018 1961 illam
1034 1907 1113 1977 Hylli
1130 1906 1331 1975 expeditionem

302 2002 407 2054 factem
434 2018 494 2053 esse
519 2001 623 2053 Orestis
646 2007 786 2069 tempore;
811 2018 894 2069 quam
916 2001 963 2053 ille
987 1988 1141 2067 opinionem
1162 2001 1223 2051 sola
1239 2004 1330 2052 aetate

302 2093 436 2158 Echemi,
459 2093 538 2162 Hylli
560 2093 757 2156 interfectorie,
783 2098 944 2161 computata
968 2092 1146 2145 reiiciendam
1169 2108 1230 2143 esse
1246 2091 1329 2145 'erbi-

302 2186 399 2238 tratur.

372 2277 504 2346 Oeycie
535 2279 677 2345 nuptiae
707 2284 814 2346 partem
842 2279 926 2330 fuisse
956 2275 1084 2346 Catalogi
1113 2277 1159 2327 vel
1190 2276 1329 2328 Eoearum

301 2368 381 2422 multi
412 2368 522 2421 fuerunt
552 2370 596 2436 qui
619 2371 748 2424 dicerent.
782 2371 969 2424 Pauciseimae
991 2375 1169 2422 conservatae
1196 2367 1329 2435 reliquiae

300 2465 375 2528 suut,
396 2461 494 2527 quibus
512 2461 693 2515 adiiciendum
712 2481 783 2515 nunc
803 2465 908 2516 videtur
923 2450 1020 2524 illud‚·
1033 2462 1106 2529 quod
1122 2461 1249 2515 Hesiodii
1267 2477 1328 2514 car-

300 2552 383 2604 minis
399 2553 484 2605 fuisse
502 2553 654 2620 suspicatus
679 2560 738 2607 erat
754 2557 905 2608 Muellerus
923 2557 987 2606 Dor.
1004 2555 1040 2607 ll.
1059 2572 1087 2622 p.
1103 2552 1170 2605 481:
1196 2549 1329 2622 Αὐτόμα-

300 2662 346 2697 eos
373 2641 398 2698 δ’
421 2640 527 2710 ἁγαθοὶ
551 2647 649 2698 δειλῶν
673 2644 719 2698 ἐπὶ
744 2647 842 2707 δαῖτας
860 2647 950 2709 ἴασιν,
976 2648 1021 2698 vel
1038 2645 1141 2713 potius:
1166 2642 1329 2712 Ao’tdpoeros

300 2734 327 2789 d’
345 2733 451 2801 α’γαθαὶ
470 2732 589 2803 ἀγαθῶν
607 2735 651 2789 ἐπὶ
671 2738 768 2799 δαῖτας
788 2739 873 2798 ἴασιν,
891 2743 922 2789 ut
936 2738 1074 2790 Hesiodus
1092 2736 1193 2790 dixisse
1211 2737 1328 2805 videtur,

300 2829 378 2879 cuius
395 2833 489 2894 postea
507 2829 617 2880 invertit
633 2830 794 2882 sententiam
811 2829 932 2897 Eupolis.
969 2833 997 2881 V.
1011 2829 1142 2882 Meiueltii
1158 2830 1328 2900 Fragmenta

300 2924 445 2986 poetaram
463 2937 532 2971 com.
553 2926 607 2972 ant.
627 2923 689 2989 hp.
708 2920 779 2988 542,
797 2925 844 2990 qui
861 2921 1063 2976 Schneidewini
1080 2923 1108 2975 ia
1120 2924 1235 2977 Zenobii
1253 2930 1328 2977 textu

300 3012 484 3064 coniecturam
502 3014 543 3080 (v.
564 3013 676 3084 Bergbii
693 3018 753 3067 rell.
771 3033 840 3068 eom.
858 3017 913 3068 su.
929 3035 956 3084 p.
973 3014 1035 3067 440.
1055 3021 1083 3068 et
1097 3017 1272 3071 Schneidevv.
1290 3017 1327 3070 ad

299 3104 402 3158 Zenob.
418 3122 497 3172 prov.
515 3107 550 3172 11,
569 3104 640 3172 193:
660 3103 751 3170 arisae
767 3104 900 3170 Ἡσίοδος,
912 3106 1047 3178 ἐχρήσατο
1060 3108 1095 3178 τῇ
1111 3110 1259 3179 παροιμίᾳ,
1274 3125 1326 3175 pro

300 3190 390 3259 οὕτως
413 3194 589 3267 Ἡράκλειτος
612 3200 725 3266 recepit
761 3201 855 3265 Certe,
878 3201 902 3253 ei
928 3202 998 3254 nihil
1018 3201 1177 3265 mutandum
1202 3218 1261 3253 esse
1282 3202 1327 3254 vi-

299 3290 405 3355 deatur,
423 3290 471 3343 ille
489 3290 644 3343 Heraclitus
662 3308 716 3343 non
733 3296 774 3345 eet
789 3291 934 3359 Ephesius,
951 3292 1000 3345 sed
1017 3292 1159 3359 Comicus,
1177 3295 1253 3346 cuins
1269 3293 1328 3352 Ξα·

297 3382 410 3443 esame
434 3383 660 3436 commemoravit
681 3384 779 3437 Athen.
808 3387 842 3437 X.
861 3402 888 3451 p.
904 3381 966 3436 414.
985 3385 1037 3450 1).,
1054 3384 1105 3438 nisi
1123 3387 1327 3440 substituendus

297 3474 462 3526 Heraclides
486 3480 528 3526 est
552 3493 613 3526 cum
638 3476 776 3529 ldeinelrio
800 3478 903 3529 Histor.
929 3476 988 3528 crit
1007 3478 1083 3530 Gom.
1102 3478 1201 3530 Graec.
1219 3497 1247 3546 p.
1263 3479 1326 3531 tau

366 3561 571 3634 Ἑαιθαλάμιον
591 3569 631 3629 εἰς
651 3568 745 3637 Πηλέα
761 3569 809 3622 καὶ
833 3568 917 3623 Θέτιν
935 3570 1056 3622 Hesiodo
1078 3571 1245 3638 adscriptum
1266 3588 1326 3624 esse

297 3655 404 3708 videtur
421 3662 532 3724 propter
550 3665 759 3729 argumentum,
782 3663 854 3729 quod
869 3663 904 3715 ab
921 3663 1003 3716 Eoeis
1025 3679 1078 3716 non
1099 3664 1168 3716 adeo
1186 3664 1325 3717 diversum

297 3763 356 3799 esse
374 3749 526 3801 videbatur.

365 3843 509 3894 Thesei
542 3861 620 3897 curn
650 3845 824 3898 Pirithoo
859 3831 903 3897 ad
937 3847 1091 3899 inferos
1122 3847 1325 3898 descensus

294 3932 422 3986 llarleeio
441 3936 575 4001 (Fabricii
599 3938 671 4007 Bibl.
691 3938 737 3990 Gr.
757 3941 778 3991 1.
795 3957 822 4006 p.
841 3936 915 4003 592.)
940 3957 973 3990 ex
996 3940 1124 4010 Aegimio
1150 3940 1323 4003 desumptum

201 4068 205 4075 ,
275 4040 406 4093 ιοιιηιιαιι
433 4027 587 4080 videbatur.
622 4028 664 4080 Ile
688 4046 742 4095 qua
767 4047 798 4080 re
817 4031 994 4083 vehementer
1012 4033 1116 4084 dubito.
1151 4031 1278 4083 inductus
1295 4028 1325 4080 in

294 4134 414 4170 errorem
436 4136 495 4171 esee
521 4121 628 4172 videtur
648 4137 696 4186 eo,
723 4122 796 4187 quod
820 4122 935 4190 Cercopi
957 4131 1069 4191 poetae,
1096 4141 1178 4192 quem
1204 4121 1325 4191 degimii

294 4214 434 4262 auctorem
446 4210 556 4264 fuerunt
574 4211 618 4277 qui
636 4211 784 4279 baberent,
804 4215 937 4280 quaedam
953 4218 993 4280 εἰς
1006 4211 1080 4290 ᾅδου
1102 4212 1259 4285 κατάβασις
1273 4213 1323 4266 tri-
1394 4284 1401 4299 x
