2890 4898
1074 379 1146 422 xm

186 515 293 588 ngsr‘i
315 515 401 586 igitur
425 532 479 568 non
504 513 619 583 poterit,
644 513 707 582 quin
733 514 884 582 politica
915 518 1051 585 quasdam
1080 518 1146 572 hnic

117 611 269 665 Hesiodise
286 609 467 680 Theogoniae
484 609 555 677 parti
572 608 716 661 inhaereat
731 607 913 677 significatio,
938 622 1024 675 neque
1046 625 1147 664 veren-

117 706 183 757 dum
201 708 259 768 est,
283 720 318 754 ne
335 702 381 771 qui
398 702 437 754 ita
463 705 563 753 statuat
591 700 721 753 Evemeri
738 700 861 754 doctrina
886 717 916 753 se
931 701 1069 754 imhutum
1086 718 1147 754 essa

119 798 221 850 audiat
239 798 320 849 llaec
331 799 422 846 autem
437 793 601 863 significatio
619 810 701 860 quum
716 810 770 845 non
788 793 855 846 satis
868 794 1075 846 accommodata
1086 809 1147 846 esse

120 889 260 943 videretur
278 884 445 957 provectiori
461 884 536 937 vitae
554 885 737 951 Graecorum,
761 885 850 953 qualis
871 885 1006 953 imprimis
1022 885 1146 952 philoso-

119 981 181 1051 phis
198 981 361 1043 debehatur,
378 978 440 1031 fleri
457 994 523 1029 sane
539 994 593 1030 non
610 977 707 1045 potuit,
725 978 787 1045 quio
804 979 834 1030 hi
851 977 1011 1045 philosophi
1027 977 1147 1045 primum

118 1074 154 1126 ad
177 1071 447 1140 cosmogoniam
470 1070 592 1134 Hesiodi,
611 1071 801 1122 auctoritatem
819 1071 956 1138 antiquam
973 1087 1062 1123 novae
1078 1086 1146 1123 suae

117 1164 261 1218 doctrinae
279 1164 402 1225 allaturi,
419 1164 592 1228 accederent,
609 1163 634 1216 si
652 1169 761 1231 possent
777 1168 842 1232 apta
859 1165 1045 1234 etymologiae
1062 1165 1147 1217 iuter-

118 1255 274 1322 pretatione
290 1256 326 1307 ad
344 1271 425 1307 suom
443 1255 594 1308 doctrinam
611 1257 828 1309 accommodare.
854 1256 901 1308 Sic
918 1255 1002 1326 igitur
1019 1257 1147 1309 Phere-

119 1363 137 1397 ο
143 1348 230 1414 ydes
242 1351 281 1417 (v.
288 1346 425 1402 animadv.
434 1347 469 1400 ad
477 1347 531 1400 Th.
541 1347 617 1414 116.)
624 1343 693 1416 χάος
699 1348 860 1400 Hesiodium
870 1347 981 1416 primus,
991 1351 1021 1398 ut
1031 1345 1148 1410 videtur,

119 1447 138 1483 a
153 1436 269 1500 χεῖσθαι
286 1437 439 1503 derivabat,
457 1444 487 1491 ut
504 1457 566 1492 cum
583 1456 634 1493 sua
651 1441 773 1493 doctrina
789 1441 824 1493 de
841 1455 912 1507 aqua
931 1438 1053 1490 omnium
1069 1437 1148 1490 initio
1193 1461 1196 1465 ,

120 1526 265 1579 concinere
289 1529 429 1583 videretur
450 1531 572 1584 doctrina
595 1532 739 1597 Hesiodia,
763 1533 782 1586 i.
807 1551 831 1585 e.
851 1530 954 1598 antiqui
975 1529 1039 1583 aevi
1062 1529 1147 1592 fldes3

120 1616 155 1669 de
175 1619 294 1689 Dionysi
316 1624 486 1693 etymologia
509 1624 661 1677 statuebat:
686 1624 828 1678 Διόνυσον
846 1652 876 1663 -
896 1622 934 1686 ἀς
956 1621 986 1675 ἐκ
1010 1616 1080 1683 Διὸς
1107 1621 1148 1683 εἰς

120 1707 207 1772 siuas
226 1712 329 1783 ῥέοντα
345 1717 450 1781 (Schol.
468 1716 579 1769 Aristid.
595 1735 623 1784 p.
640 1716 701 1769 313.
718 1716 822 1781 nina).
853 1716 947 1768 Secuti
964 1720 1026 1767 sunt
1041 1715 1146 1767 Phere-

120 1804 218 1870 cydem
237 1806 287 1859 alii
303 1810 391 1876 multi,
410 1814 439 1861 ut
455 1809 668 1862 Plutarchus
686 1812 801 1861 testatur
818 1808 921 1875 (aquae
939 1811 966 1860 et
981 1807 1053 1875 ignia
1070 1824 1146 1859 com·

120 1902 208 1961 parat.
228 1897 254 1950 1.
275 1899 308 1951 T.
328 1902 403 1954 Xlll.
420 1919 449 1968 p.
468 1899 528 1952 124.
546 1901 590 1953 ed.
608 1900 750 1966 Ηιιιιοιι.)ι
776 1903 922 1968 συμφωνεῖ
937 1896 969 1954 δὲ
991 1898 1039 1953 καὶ
1055 1896 1146 1952 Ἡσιο-

121 1986 169 2050 δος
187 1988 292 2044 eluas·
314 1987 379 2060 ἤτοι
401 1991 453 2060 μὲν
468 1989 613 2062 πρώτιστα
636 1988 705 2061 χάος
720 1990 823 2060 γένιτο.
859 1995 920 2053 τοῖς
937 1992 1076 2053 alcissono
1092 1987 1145 2060 γὰρ

119 2071 296 2148 ἀνομαιέναι
318 2086 399 2138 douai
413 2083 446 2139 co*
465 2080 543 2155 doeg
570 2086 673 2138 nocitos
689 2083 741 2139 τὸν
758 2083 865 2156 τρόπον
882 2082 960 2155 παρὰ·
980 2080 1034 2153 τὴν
1057 2080 1146 2151 χύσιν.

120 2171 167 2225 Sic
183 2172 211 2227 in
228 2174 292 2227 aliis
308 2177 452 2230 Acusiloos
464 2183 491 2230 et
502 2180 632 2230 Eumelus
644 2177 672 2228 in
680 2176 799 2231 similem
810 2180 895 2231 linem
908 2179 951 2230 usi
968 2183 1029 2230 sunt
1045 2177 1146 2229 Hesio-

121 2263 165 2316 dia
183 2271 361 2339 cosmogouia
377 2273 420 2340 (v.
439 2272 600 2324 Clement.
623 2270 716 2324 Alex.
730 2270 829 2324 Strom.
843 2273 886 2324 v1.
899 2289 926 2339 p.
938 2269 998 2322 2³5.
1012 2275 1040 2322 et
1053 2271 1145 2338 Etym.

122 2356 159 2408 hl.
184 2377 211 2426 p.
234 2359 296 2426 523,
319 2359 378 2428 50„
408 2362 455 2414 uhi
478 2378 570 2415 sermo
596 2366 637 2413 est
661 2360 695 2411 de
718 2361 839 2415 Acusilai
864 2361 1033 2430 etymologia
1055 2362 1146 2415 Κοίου

122 2447 188 2514 [Th.
206 2449 280 2518 lta]
297 2452 445 2523 Hesiodii).
463 2454 562 2508 Simile
578 2453 642 2520 quid
654 2453 739 2506 etiam
758 2454 785 2506 in
802 2454 965 2524 Theogonis
982 2453 1093 2522 proprie
1105 2453 1146 2505 sic

121 2541 192 2594 dicta
210 2543 309 2598 iecisse
326 2546 552 2614 Pherecydes
572 2550 599 2599 et
614 2545 951 2609 Acusilausvidentur‚
964 2546 1010 2615 qni
1023 2545 1147 2613 antiquas

122 2632 231 2691 fabum
262 2640 290 2687 et
319 2637 426 2704 plenius
458 2640 628 2707 collegerunt
650 2642 678 2691 et
701 2639 811 2706 uberius
832 2645 1013 2708 exposuerant
1035 2640 1146 2708 (Sahal.

121 2726 212 2780 Venet
230 2728 263 2781 ll.
284 2730 384 2794 xxnl,
402 2727 485 2795 296).
521 2732 598 2782 llaec
616 2735 710 2783 autem
721 2732 791 2785 ratio
804 2734 989 2803 etymologiae
1002 2737 1029 2785 et
1042 2746 1147 2801 genea-

120 2819 211 2888 logice
228 2821 423 2889 interpretandi
441 2823 601 2889 llesiodum,
619 2841 702 2891 quum
716 2826 864 2893 admodum
888 2826 1026 2878 videretur
1043 2825 1148 2878 incerta

121 2928 198 2977 esse,
224 2915 356 2980 paulatim
380 2915 465 2968 cessit
485 2916 548 2981 alii,
573 2932 643 2983 qnae
666 2915 748 2968 etiam
766 2917 958 2987 theogonium,
982 2935 1036 2969 non
1058 2920 1148 2970 solum

120 3007 335 3075 cosmogoniam,
350 3024 485 3078 aggressa
502 3014 543 3061 est
559 3008 606 3074 ita,
623 3014 653 3061 nt
668 3009 781 3062 deorum
799 3026 929 3078 personas
944 3027 995 3079 per
1012 3010 1148 3077 quandam

120 3098 349 3170 significationem
371 3098 511 3152 nominum
534 3101 649 3168 physice
672 3102 914 3170 interpretarentur
929 3103 1088 3171 philosophi
1107 3104 1148 3170 (.

20 3252 22 3257 ,
120 3189 651 3261 nieg.h.vlli‚2‚12.lx,2‚3.).
686 3195 734 3247 Usi
759 3196 830 3247 enim
853 3201 916 3248 sunt
938 3193 1080 3262 allegoriis
1101 3196 1148 3246 val

120 3282 269 3344 ὑπονοίαις
286 3285 335 3350 (de
352 3283 452 3351 quihus
469 3301 495 3337 v.
514 3283 648 3352 imprimis
664 3287 845 3339 Platonem
861 3289 921 3339 Pol.
940 3304 968 3353 p.
979 3284 1039 3338 818.
1056 3285 1148 3350 list),

120 3393 187 3444 quas
210 3392 264 3429 non
287 3376 453 3428 intellexisse
470 3376 624 3429 Homerum
647 3381 675 3428 et
691 3376 843 3430 Hesiodum
862 3379 890 3430 in
906 3375 1148 3444 reprehensionem

119 3471 271 3534 vocabant,
296 3468 421 3536 quamvis
443 3468 497 3535 ipsi
520 3468 552 3520 hi
573 3468 732 3537 philosophi
756 3470 809 3521 has
825 3468 976 3539 allegorias
992 3468 1147 3539 excogitas·

119 3567 186 3617 seat
229 3563 322 3615 Huius
350 3559 478 3627 vituperii
511 3560 617 3627 primus
650 3564 747 3612 auctor
778 3560 885 3613 videtur
909 3563 1149 3629 Xenophanes

118 3655 217 3708 Eleata
235 3653 331 3717 fuisse,
349 3653 425 3704 cuius
442 3651 470 3704 in
485 3653 558 3704 hanc
575 3669 635 3704 rem
652 3669 748 3705 versus
770 3654 856 3707 habet
872 3656 1000 3709 Sextus
1025 3653 1147 3722 Empir.

119 3747 181 3800 nav.
199 3747 334 3799 nauem.
353 3763 379 3812 p.
398 3743 458 3797 aa.
477 3745 517 3797 a:
749 3730 751 3733 ’

221 3834 323 3890 Πάντα
339 3839 421 3898 θεοῖς
439 3834 584 3903 ἀνέθηκαν
595 3831 725 3905 Ὅμηρός
740 3834 771 3890 θ’
787 3835 916 3902 Ἡσίοδός
933 3858 973 3905 ss,

213 3921 309 3983 Ὅσον
326 3920 391 3998 παρ’
410 3925 605 3998 ἀνθρώποισιν
623 3922 734 3983 desides
750 3929 797 3984 nai
814 3929 906 3998 ψόγος
923 3930 1017 4000 ἐστίνἰ

220 4018 358 4077 Κιὲιιτειν
373 4016 515 4090 μοιχεύειν
531 4040 562 4076 τι
579 4020 627 4075 καὶ
644 4017 782 4088 ἀλλήλους
799 4017 963 4089 inussisse,

118 4129 199 4179 quam
222 4112 259 4164 ob
282 4114 355 4165 hanc
379 4114 464 4167 etiam
487 4129 598 4166 cansam
621 4114 729 4166 videtur
752 4117 887 4183 carpsisse
913 4114 1150 4183 Epicharmus

117 4205 157 4272 (v.
176 4205 272 4260 Schol.
292 4207 327 4260 nd
344 4206 454 4261 Aristot.
472 4225 501 4274 p.
517 4205 579 4260 670.
593 4206 620 4258 h.
638 4206 749 4277 nean).
767 4208 860 4263 Seouti
878 4213 947 4329 cnop
957 4206 1015 4270 alii,
1032 4209 1061 4256 ut
1077 4203 1148 4255 He-

873 4291 927 4332 *ss
