2890 4898
1096 412 1153 457 le‘

13 552 14 559 ’
118 566 220 605 sacam
236 530 309 603 alins
327 547 469 602 cuiusdam
484 546 622 619 Magnetis
638 548 709 603 liber
726 549 803 619 cept
817 546 941 615 ἐνδόξακ
962 547 1075 622 daupein
1091 569 1150 606 mc-

121 649 246 697 moratur
263 644 298 695 X.
317 660 344 709 p.
362 639 423 692 419.
442 642 475 693 Α.

187 738 231 791 dd
242 737 333 789 Iloess
347 733 463 803 pertinet
475 730 619 801 egregium
628 731 814 804 fragmentum
830 735 954 802 Hesiodi,
973 739 1044 804 quud
1059 753 1076 789 a
1090 739 1150 790 Go-

121 834 209 898 beto‚
223 832 334 883 Batavo
347 826 514 899 doctissimo,
529 839 616 890 nuper
623 825 759 879 detectum
766 828 887 880 maximo
899 845 962 881 cunr
974 830 1077 901 ingenii
1084 847 1149 883 acu·

122 925 194 978 mine
206 922 302 976 nativo
315 919 396 973 nitori
409 935 457 970 sno
470 917 586 969 restituit
595 917 617 968 1.
631 917 787 970 Geelius.
816 919 899 972 Cuius
912 921 1036 973 hcrmaei
1047 922 1151 976 inventi

122 1036 205 1086 quum
212 1015 355 1083 superiore
367 1016 513 1064 auctumno
528 1008 707 1060 Ritecheli
715 1025 751 1060 ns
763 1025 841 1062 meus
853 1013 994 1065 eBatavia
1002 1013 1149 1067 Ostendam

121 1111 234 1164 veniens
251 1105 321 1159 mihi
341 1105 464 1157 nuntium
482 1101 629 1164 attulisset,
652 1117 705 1170 ego
723 1102 816 1154 statim
832 1104 933 1158 instare
951 1112 978 1158 et
995 1107 1030 1158 ab
1049 1124 1082 1159 co
1100 1125 1150 1175 pa·

121 1209 191 1266 tere,
205 1207 237 1252 ut
255 1199 381 1251 Geelium
398 1195 525 1264 precibus
541 1193 597 1244 suis
613 1210 677 1245 mea
695 1211 778 1246 causa
794 1202 972 1265 expugnaret.
1003 1199 1150 1265 Extemplo

122 1295 199 1347 enim
216 1291 348 1360 praevidi,
365 1289 478 1340 Geelius
495 1287 518 1339 si
536 1285 681 1350 annuisset,
697 1293 727 1339 ut
744 1288 807 1340 novi
825 1288 973 1358 fragmenti
984 1293 1065 1357 copia
1082 1284 1150 1345 mihi

120 1388 213 1448 fleret,
232 1372 364 1453 magnum
380 1397 443 1433 meo
459 1379 581 1431 Hesiodo
600 1384 788 1431 ornamentum
805 1388 927 1435 creatum
944 1383 987 1439 iri.
1022 1383 1078 1437 Nec
1088 1401 1151 1452 spes

121 1496 167 1530 me
185 1475 297 1529 fefellit.
332 1473 456 1526 Maxima
478 1471 550 1523 enlm
569 1473 737 1523 humanitate
756 1474 877 1542 (ieelim,
902 1476 946 1528 vir
969 1477 1150 1541 doctissimus,

122 1571 174 1623 has
193 1570 289 1622 literas
306 1584 355 1634 per
373 1564 556 1618 Hitschelium
572 1565 642 1617 mihi
657 1565 750 1618 misit:

305 1734 577 1814 Goettlingio,
606 1735 694 1793 viro
716 1736 962 1812 clarissimo,

467 1855 490 1905 l.
510 1852 661 1905 Geelius
678 1854 706 1906 S.
725 1856 755 1907 P.
775 1855 809 1906 D.

189 2003 321 2057 Narravit
346 2001 396 2054 tihi
412 2000 580 2053 Hitschelius
602 2001 636 2053 de
659 2000 817 2070 fragmento
834 2003 974 2056 Hesiodea
995 2003 1150 2071 nuperrime

123 2102 233 2164 reperto
254 2096 283 2148 iu
301 2095 401 2147 Codice
418 2096 535 2158 Veneto,
561 2094 633 2160 quod
657 2111 740 2159 quum
763 2095 897 2162 impertiri
923 2097 973 2149 tihi
990 2102 1017 2149 ta
1034 2114 1150 2167 magno-

123 2206 189 2256 pere
204 2189 278 2241 velle
295 2186 506 2257 significaverit,
530 2186 644 2238 Hesiodi
661 2189 778 2239 alteram
795 2189 940 2241 editionem
958 2190 1082 2256 paranti,
1106 2193 1150 2243 lu-

123 2281 280 2334 bentissime
297 2280 460 2332 describam.
495 2278 610 2346 Repetit
627 2281 718 2333 autem
737 2281 856 2333 coaetus
872 2293 964 2347 meus,
979 2282 1080 2352 insigni
1097 2298 1150 2334 va-

123 2375 181 2427 lens
198 2373 334 2426 memoris
351 2377 379 2425 et
396 2373 462 2425 artis
479 2372 732 2440 palaeographicae
755 2373 868 2441 peritia,
891 2374 1076 2441 rimandisque
1100 2392 1150 2426 ve-

123 2465 228 2518 teribus
244 2464 411 2517 membranis
426 2467 508 2532 plane
525 2454 623 2516 factus.

192 2558 224 2608 ln
252 2557 427 2609 scholiorum
456 2555 598 2623 Euripidis
630 2556 730 2609 Codice
752 2557 840 2610 Marc.
858 2557 920 2610 421:
941 2559 991 2611 fol.
1010 2557 1054 2610 48.
1071 2561 1148 2612 recto

124 2648 224 2718 legitur
246 2649 275 2701 in
298 2650 424 2719 margine
442 2651 513 2701 dext.
533 2650 570 2701 ad
587 2650 675 2701 Orest
693 2669 721 2702 v.
739 2648 805 2703 2392
829 2649 965 2718 ἐπίσημον
989 2649 1063 2706 ἔτεκε
1080 2670 1151 2705 τον·

122 2739 246 2813 δοίρεοκοε
271 2742 434 2812 στησίχορόο
449 2738 543 2810 ’φησιν
567 2739 606 2803 ὥς
628 2743 702 2796 θεοῦ
725 2740 793 2809 (sic)
820 2747 879 2804 τοῖς
895 2745 976 2805 θεοῖς
992 2739 1152 2812 τννδοίρεσοο

124 2831 281 2907 ἀφροδίτης
299 2833 427 2889 etaltera.
464 2831 502 2887 δι’
525 2828 542 2887 t
561 2831 725 2905 depredatae
742 2831 794 2900 τὴν
812 2833 885 2889 θεὸν
901 2832 1038 2904 διγάμοας
1056 2835 1152 2894 τεκαὶ

123 2926 278 2999 κρινοίμοας
293 2926 342 2980 καί
359 2924 546 2999 ίειψοὶνὸροος
564 2923 655 2982 αὐτοῦ
672 2924 723 2988 τὰς
739 2927 901 2998 θυγατέρας
924 2927 1061 2998 ἐποίησεν.
1095 2927 1152 2997 ἔχει

124 3019 156 3074 δὲ
173 3018 192 3089 ἡ
211 3020 307 3088 χρῆσις
325 3017 426 3074 οὕνεκά
444 3039 512 3075 ποτε
529 3019 690 3090 τυνδοίρεως
715 3019 801 3090 ῥέζων
818 3023 887 3075 πᾶσι
905 3024 986 3083 θεοῖς
1002 3023 1071 3090 μιᾶς
1088 3019 1152 3078 ἐπε·

123 3112 231 3166 lallare
251 3109 415 3180 ἡποοδοίροο
433 3110 568 3182 κύπριδος
579 3113 658 3166 κείνα
675 3111 706 3166 dl
721 3111 865 3184 τονδοὶρεω
877 3113 982 3186 κούρας
996 3116 1067 3182 (sict
1086 3108 1103 3168 ri
1120 3113 1152 3187 ρ)

123 3202 302 3272 χολωσαμένη
329 3201 466 3272 ὃννοίμονο
487 3221 519 3257 το
540 3202 588 3257 καί
611 3202 764 3275 κρινοίμονο
787 3208 884 3272 τίθησι
914 3206 963 3260 καί
992 3203 1153 3275 taxeoticae

123 3297 191 3365 (sic)
210 3296 258 3349 καί
274 3292 389 3364 ἡοίοδος
406 3294 437 3351 δὲ
453 3297 529 3364 tritos
548 3294 578 3350 δὲ
596 3294 760 3364 φιλομειδὴς
776 3290 918 3367 ἀφροδίτη
938 3295 1050 3365 ἡγνίσθη
1068 3303 1153 3366 aqut·-

124 3391 214 3444 δοῦσα
231 3408 321 3457 κακην
339 3385 419 3457 δέσφ’
437 3382 544 3458 ἤμβαίο
562 3384 667 3455 φήμην.
703 3388 770 3448 *τις
787 3384 870 3459 α’νδρι
888 3386 974 3456 μένεν.
1010 3390 1040 3441 εἴ
1053 3383 1077 3440 τ’
1098 3405 1154 3455 εχε-

123 3500 175 3534 κον
196 3477 364 3551 προίινσοῦο’
390 3477 524 3551 ἐβεβήκει.
560 3480 634 3534 ἵκετο
665 3475 691 3532 δ’
715 3480 742 3532 εἰ
763 3480 866 3546 σφκαία
891 3481 975 3547 φίλον
999 3477 1154 3552 μακάρεσσι

123 3575 247 3628 θεοῖοιῆ
282 3570 321 3635 oie
340 3571 370 3627 di
387 3570 611 3642 κίαοαιμνὴοσρα
630 3566 740 3626 ίιποῦσ’
757 3569 938 3641 οίγαμέμοονα
954 3575 1017 3628 δῖον
1030 3573 1153 3643 αἰγίσθφ

123 3666 276 3735 παρέλεκτο
304 3665 353 3719 καί
377 3667 465 3721 είλετο
489 3665 602 3734 χείρονα
620 3666 716 3733 κοίτην
734 3659 784 3719 ὅδ’
802 3662 846 3719 ἕλε’
864 3660 977 3734 ἤκσχνκε
993 3663 1070 3733 λέχος
1087 3665 1153 3730 ear*

123 3757 185 3812 aaa
203 3754 357 3824 μενείοίουε
375 3786 410 3799 -

193 3851 247 3902 Pro
266 3849 374 3914 verbis,
400 3850 499 3917 quibus
517 3850 654 3916 utrimque
672 3848 815 3900 asteriscos
833 3847 963 3916 apposui,
987 3846 1016 3899 iu
1041 3848 1155 3916 vulgato

124 3941 238 3995 Scholia
256 3942 360 4011 legitur
373 3940 422 3994 καί
432 3937 567 4013 Ὅμηρος,
585 3941 674 3994 nescio
694 3958 746 4008 qno
759 3958 851 3993 errore
862 3941 988 3993 librarii:
1006 3956 1071 3992 nam
1085 3955 1155 4006 quae
1252 3983 1260 3987 .

124 4038 283 4101 sequuntur,
301 4050 436 4100 nusquam
454 4038 587 4101 apparent
603 4034 632 4085 iu
651 4035 753 4097 Poeta,
778 4038 805 4085 ct
829 4032 856 4085 in
883 4035 937 4085 hoc
955 4032 1069 4086 Scholia
1087 4031 1156 4083 inte-

124 4125 217 4209 griore
236 4131 278 4178 est
296 4123 459 4178 continuitas
476 4127 612 4193 quaedam
629 4125 786 4179 sententiae.
821 4127 917 4193 ltaque
941 4125 1005 4185 inde
1022 4125 1058 4175 ab
1076 4120 1156 4188 sicto-

125 4216 277 4287 decusque
297 4218 332 4269 ad
350 4217 435 4269 linem
453 4216 544 4269 omnia
561 4221 622 4270 sunt
640 4216 754 4270 Hesiodi
770 4217 815 4269 vel
833 4216 935 4270 Poetae
952 4213 1093 4269 Hesiodei.
