2890 4898
1102 363 1161 410 LXV

127 497 231 572 melyas
257 502 298 563 εἰς
322 494 390 553 elev
412 494 537 567 ἀπήναις
561 494 628 553 alst’
651 496 772 568 ἐχόντων
790 514 823 552 cx
844 497 968 555 Hesiodo
995 501 1161 570 allegavisse

18 660 19 663 Ἴ
125 596 374 664 Ephorumquum
391 590 483 656 sciret,
509 590 569 657 ipse
586 593 620 643 de
637 608 687 643 sao
705 592 809 645 addidit
826 589 856 645 ἐν
873 592 908 661 τῇ
933 593 1092 665 καλουμένῃ
1110 598 1161 666 γῆς

124 683 260 756 περιόδῳ.
295 683 365 736 Nam
390 701 457 736 vere
485 684 602 737 Hesiodi
624 700 735 736 carmen
763 683 788 735 si
816 683 914 736 fnisset
937 684 997 751 Γῆς
1021 688 1180 758 augleder,

125 783 202 831 certe
231 794 284 828 non
312 775 461 828 addidisset
490 775 521 830 ἐν
551 778 586 848 τῇ
609 776 767 847 καλουμένῃ
795 777 905 831 Strabo.
946 778 1028 842 Quod
1050 781 1160 851 Euthy-

125 871 223 923 demns
249 870 323 936 apud
340 868 512 920 Athenaeum
529 869 577 920 lll.
596 887 622 937 p.
642 869 702 921 116.
722 871 754 922 Δ.
779 874 923 937 praeterea
940 868 1093 925 Hesiodum
1116 874 1159 925 in·

125 962 202 1015 ducit
232 960 298 1030 nepi
314 961 437 1031 ταριχοῑν
460 966 607 1028 praecepta
630 962 754 1028 dantem,
780 962 866 1030 ipsius
889 963 1058 1031 Euthydemi
1081 965 1159 1021 festi·

124 1073 191 1108 vum
209 1056 347 1107 inventum
366 1057 415 1105 est.

195 1146 327 1200 Omnium
349 1146 568 1216 fragmentorum
593 1146 710 1198 indicem
738 1132 886 1199 secundnm
917 1146 1009 1200 titulos
1034 1150 1157 1204 invenies

124 1259 154 1309 p.
172 1238 246 1301 307„
263 1240 379 1291 indicem
396 1239 610 1306 praecipuorum
626 1238 804 1306 scriptorum,
832 1239 879 1305 qui
896 1239 1024 1306 reliquias
1041 1242 1156 1296 Hesiodi

123 1334 337 1394 conservarunt,
356 1345 383 1396 p·
400 1330 470 1395 308,
489 1330 516 1383 in
535 1349 617 1398 quem
634 1349 682 1383 eas
699 1333 845 1399 scriptores
862 1332 938 1384 nolui
953 1333 1092 1400 recipcre,
1111 1334 1158 1402 qui

121 1420 238 1475 Hesiodi
256 1423 334 1474 locos
351 1425 481 1488 quosdam
502 1427 785 1477 commemoraverunt
802 1422 925 1488 quidem,
952 1427 999 1477 sed
1025 1431 1073 1479 ant
1089 1428 1155 1481 bre·

121 1513 246 1567 victibus
263 1513 357 1565 verbis
377 1517 679 1584 antdepraratieribus,
716 1515 856 1577 Ordinem,
875 1531 928 1582 qno
943 1517 1084 1584 superiore
1096 1519 1155 1572 edi·

121 1605 195 1660 tianc
214 1606 403 1674 disposueram
420 1607 535 1659 disiecta
552 1608 666 1660 Hesiodi
683 1608 817 1671 membra,
834 1606 862 1657 in
879 1606 1036 1661 universum
1053 1611 1153 1664 etiam·

121 1716 192 1751 nnnc
205 1705 314 1751 secutus
333 1716 402 1752 earn.
432 1702 510 1767 Quod
528 1701 699 1752 mirabuntur
715 1700 832 1752 tortam
849 1697 895 1764 qui
910 1694 1005 1754 iudicii
1015 1703 1049 1754 G.
1070 1704 1154 1756 Her-

120 1791 253 1856 manni,
289 1808 370 1858 quem
399 1793 510 1845 honoris
542 1809 626 1845 causa
651 1792 777 1854 nomino,
808 1791 922 1857 (opusc.
954 1793 999 1845 vl.
1023 1812 1050 1861 p.
1075 1793 1153 1861 255.)

121 1885 156 1937 de
189 1884 230 1935 sic
262 1883 399 1950 dispositis
426 1885 592 1938 carminibus
616 1889 643 1938 et
670 1901 765 1937 earum
795 1885 990 1954 meminerant,
1021 1887 1067 1954 qui
1090 1891 1153 1955 post

120 1977 311 2030 Hermannum
329 1978 455 2031 dixerunt
472 1978 613 2039 similiter3
638 1977 686 2028 sed
712 1977 818 2028 duabus
840 1976 989 2042 praecipue
1008 1978 1042 2028 de
1060 1978 1150 2031 causis

121 2088 173 2122 non
192 2086 303 2138 prorsns
321 2085 385 2120 eum
402 2069 525 2121 ordinem
543 2074 651 2121 mutare
668 2067 760 2133 volui,
784 2085 865 2135 quem
889 2084 941 2120 nan
963 2086 1075 2135 prorsus
1097 2069 1151 2122 im·

121 2164 239 2231 prudens
259 2160 444 2214 institueram:
469 2160 588 2229 primum
609 2161 683 2215 enim
706 2165 763 2212 tam
786 2161 923 2213 lubricum
947 2166 989 2215 est
1010 2161 1150 2232 negotium

120 2256 278 2325 fragmenta
295 2254 430 2318 ordinare,
448 2258 479 2304 ut
495 2269 634 2305 assensum
651 2253 726 2306 ferre
742 2254 789 2305 vel
806 2268 955 2319 paucorum
967 2253 1083 2307 difficile
1097 2257 1149 2318 sit3

120 2347 235 2412 deinde,
262 2346 286 2398 si
309 2348 390 2414 plene
415 2363 516 2398 novum
535 2346 657 2397 ordinem
681 2344 891 2412 excogitassem,
915 2346 1065 2398 verendum
1081 2352 1149 2408 erat,

119 2457 153 2493 ne
170 2440 271 2493 iterim
289 2438 372 2491 etiam
389 2439 418 2491 in
434 2440 489 2491 hac
503 2456 537 2492 re
563 2439 589 2490 in
611 2455 657 2489 me
681 2436 830 2488 excitarem
854 2435 948 2503 apium
971 2442 999 2489 et
1021 2437 1149 2490 fucorum

119 2536 165 2587 vel
181 2534 293 2585 aculeos
311 2533 357 2583 vel
373 2533 504 2596 bombos,
528 2530 590 2599 qui,
612 2528 687 2599 regis
709 2530 796 2596 semel
817 2527 918 2580 iudicio
942 2530 977 2581 de
994 2528 1067 2582 libre
1085 2542 1148 2583 meo

118 2625 284 2693 interposito,
301 2623 341 2675 sic
358 2624 386 2677 in
403 2641 448 2676 me
465 2624 633 2687 involarent,
656 2625 688 2673 ut
704 2625 797 2673 tacere
814 2620 901 2672 satius
918 2621 1046 2673 ducerem
1064 2637 1148 2688 qaam

120 2717 256 2771 ciceronis
282 2717 384 2769 dietum
411 2733 475 2769 meo
501 2716 584 2769 etiam
616 2716 742 2781 exemplo
771 2714 951 2765 confirmarer
983 2716 1147 2767 scaleam

118 2811 200 2879 apis
221 2812 296 2863 sine
322 2812 474 2861 clamore
499 2807 686 2871 ferrenon
704 2822 894 2873 possumus.
930 2806 1022 2873 Quare
1040 2807 1068 2859 in
1085 2806 1146 2859 uni·

116 2922 226 2957 versnm
243 2901 403 2956 conservavi
420 2900 562 2968 pristinum
580 2899 721 2964 ordinem,
745 2898 841 2967 paucis
858 2903 949 2950 tamen
974 2898 1093 2966 exceptis
1119 2903 1146 2952 ct

116 2996 254 3049 erroribus
279 2993 420 3059 correctis,
453 3010 520 3062 quos
544 2996 719 3046 Hermannns
742 2992 874 3044 indicavit
897 2991 1044 3058 plurimos,
1073 2990 1145 3043 alios

114 3089 380 3142 Marclsclretl'elius.
415 3089 481 3140 Post
499 3103 545 3138 me
568 3087 616 3139 alii
639 3089 723 3139 etiam
744 3084 772 3137 in
796 3083 959 3154 colligendis
980 3083 1144 3153 fragmentis

115 3181 233 3235 Hesiodi
250 3183 472 3245 elaboraverunt,
498 3182 529 3231 C.
547 3179 767 3231 Lehmannus
791 3179 826 3229 de
842 3177 959 3228 Hesiodi
975 3175 1143 3229 carminibus

114 3273 229 3342 perditis
252 3275 347 3341 partic.
370 3274 392 3325 l.
415 3272 507 3324 Beral.
531 3269 623 3335 1828,
648 3271 679 3321 F.
702 3272 732 3323 S·
756 3269 935 3321 Lehrsins
959 3268 1001 3335 (in
1027 3280 1142 3333 corpore

114 3366 255 3433 epicorum
273 3367 449 3419 Graecarum.
466 3365 554 3417 Paris.
572 3361 665 3428 1841)),
682 3363 718 3413 H.
736 3362 959 3414 Dnentnersn
977 3354 1035 3425 (die
1052 3358 1143 3425 Frag-

113 3463 205 3510 ments
228 3458 278 3509 der
300 3458 430 3525 epischen
455 3455 552 3509 Paesie
576 3456 624 3507 der
642 3453 779 3506 Grieehen
800 3451 843 3503 bis
868 3467 916 3502 aur
941 3450 1002 3503 Zeit
1022 3450 1142 3503 Alexan-

112 3549 177 3602 ders
194 3551 220 3601 d.
238 3549 287 3602 Gr.
323 3551 394 3602 lldln
412 3547 496 3611 18403
518 3548 660 3616 Nachtrag
682 3562 717 3598 nu
733 3546 784 3596 den
806 3544 920 3612 Frsgm.
955 3544 1026 3596 lldln
1050 3540 1141 3610 1841),

112 3642 148 3694 a.
166 3641 504 3696 Herelischeftelius
521 3639 665 3708 (Hesiodi,
683 3637 806 3702 Eumeli,
825 3634 1015 3699 Cinaethonis,
1038 3634 1096 3687 Arii
1114 3638 1142 3687 et

111 3734 239 3788 carminis
256 3734 401 3802 Naupactii
419 3736 584 3804 fragmenta.
619 3730 694 3799 Lips.
713 3728 805 3797 1840),
822 3744 937 3797 quorum
950 3728 1071 3783 omnium
1083 3727 1140 3792 liic,

15 3816 16 3821 ¹
109 3843 191 3895 quem
210 3828 307 3880 ultimo
327 3827 383 3880 dixi
400 3829 471 3891 loco,
488 3825 542 3878 tuit
558 3821 782 3893 diligentissimus
800 3826 828 3873 et
844 3820 871 3872 in
890 3818 1078 3888 conquirendis
1095 3836 1141 3872 re·

108 3919 200 3987 linaiis
218 3924 247 3973 et
263 3920 292 3973 in
311 3919 482 3981 ordinandis3
509 3916 591 3969 liuius
612 3915 697 3985 igitur
721 3913 889 3975 collectionis
908 3916 1053 3967 numerum
1070 3909 1140 3963 meis

110 4013 229 4067 ameris
252 4012 344 4066 adieci
366 4013 394 4065 in
416 4008 582 4079 parenthesi.
618 4008 718 4061 Totum
735 4010 827 4060 tamen
844 4001 1076 4060 Herclselrell‘elii
1093 4018 1140 4056 or·

108 4104 198 4161 dinem
214 4105 294 4161 nolui
312 4105 390 4172 sequi
406 4108 464 4157 tam
487 4107 650 4171 propterea,
672 4099 744 4167 qaod
761 4097 892 4168 ignavam
908 4101 1054 4154 videbatur
1070 4112 1138 4164 ope·

740 4204 834 4248 *****
