2890 4898
1097 400 1157 443 nvn

123 533 215 586 Eoees
241 535 357 603 negaret
379 532 495 586 Hesiodi
517 548 587 586 esse.
620 532 657 588 nt
673 549 740 587 vero
758 551 792 588 ex
808 536 857 605 ῙΧ,
874 536 919 602 sl,
936 535 962 589 4.
986 539 1048 591 loco
1072 554 1158 607 snprs

17 622 18 633 ¹
124 625 266 694 adscripto
289 624 357 679 satis
378 631 455 693 patet
472 627 654 692 Pausaniam,
676 627 798 680 Boeotos
819 629 873 681 sibi
890 646 1008 691 coeenos
1024 637 1157 699 secutum,

118 715 207 786 Ἔργα
224 722 331 771 tentum
348 719 473 771 Hesiodo
490 720 677 788 adscripsisse,
695 726 786 774 cetera
798 723 889 774 omnia
906 725 1044 791 putariese
1055 725 1157 792 spuria.

126 810 185 864 Non
207 810 480 878 praetermittendam
507 816 549 864 est
573 817 666 864 sutem
689 828 742 864 non
759 814 807 867 uni
824 814 967 882 eidemque
984 816 1090 868 auctori
1106 815 1157 868 tri-

127 903 251 954 buendos
275 907 391 970 quatuor
416 904 503 955 libros
526 921 601 969 esse,
625 920 708 971 quum
732 905 803 956 haec
827 907 956 975 legantur
978 908 1051 975 apud
1067 909 1157 961 Sebo-

126 994 237 1047 lisstsm
268 995 394 1062 Apollou.
418 994 511 1048 llbod.
534 996 571 1061 ll,
587 995 661 1079 Ι131ι
690 997 878 1066 πεπηρῶσθαι
905 996 936 1052 δὲ
960 1001 1046 1054 Φινέα
1069 999 1157 1068 φησλν

127 1079 256 1148 Ἠσίοδος
279 1083 310 1140 ἐν
330 1083 464 1155 μεγάλαις
479 1080 596 1152 ’Helene-2
614 1081 660 1139 ότι
681 1089 772 1159 Φρλξῳ
789 1087 842 1157 τὴν
860 1088 903 1157 [ἐς
920 1093 1066 1160 Σκυθίαν]
1086 1090 1156 1147 idcir
1260 1088 1263 1091 ¹

126 1175 273 1246 ἐμήνυσεν.
308 1175 339 1232 όν
356 1175 437 1249 diupi
454 1175 478 1244 γ’
496 1173 639 1249 καταλόγῳ
660 1179 729 1246 [τῶν
745 1179 906 1248 καταλόγων
923 1183 978 1251 Ρ.],
990 1181 1088 1254 ἐπειδὴ
1105 1182 1158 1240 τόν

125 1267 240 1341 μακρὸν
253 1267 351 1341 χρόνον
362 1271 415 1337 τῆς
427 1267 521 1338 ὄψεως
534 1267 708 1341 προέκρινεν.
726 1273 773 1326 sic
787 1266 871 1325 etism
883 1274 981 1328 Wolf
986 1277 1040 1328 ius
1051 1278 1157 1330 iudica·

127 1363 171 1416 vit
181 1364 311 1433 Prolegg.
326 1381 353 1430 p.
362 1363 472 1414 clivur
491 1361 630 1429 „ltaque’',
642 1360 741 1429 inquit,
760 1381 829 1428 „nec
845 1365 943 1417 ceteris
955 1365 1078 1434 reliquiis
1095 1370 1156 1421 llo-

126 1453 239 1507 msricis
262 1472 313 1507 nec
335 1453 481 1508 uenientis
499 1452 656 1518 defuerunt,
679 1461 711 1507 ut
733 1455 845 1523 opinor,
870 1458 1086 1525 διασκευασταλ,
1111 1461 1158 1528 qui

126 1546 283 1616 singulares
300 1546 463 1615 rhapsodias
480 1549 668 1598 connecterent
683 1546 742 1599 sive
760 1564 817 1613 eas,
835 1565 905 1615 quae
922 1551 958 1603 ab
976 1551 1042 1619 ipsis
1061 1558 1156 1606 aucto·

126 1640 203 1692 ribus
221 1641 258 1692 ed
275 1642 390 1693 eandem
407 1640 528 1692 formam
546 1635 715 1704 compositae
733 1645 824 1706 erant,
849 1657 904 1693 uno
921 1645 1061 1696 volumine
1078 1662 1155 1698 cour·

125 1733 317 1800 plecterentur,
333 1736 363 1785 ut
380 1728 555 1800 καταλόγους
571 1731 714 1798 γυναικῶν
731 1735 759 1782 ct
774 1724 869 1792 Ἠολας
883 1731 1030 1801 μιγάλας.”

193 1825 237 1877 Aa
253 1826 306 1876 hos
322 1825 475 1892 rhapsodos
493 1825 578 1876 etiam
593 1821 662 1875 illud
685 1822 802 1889 pertinet
819 1826 974 1894 negotium,
997 1842 1051 1893 quo
1068 1827 1156 1880 exitus

125 1917 323 1986 ll'lreogouiae‚
347 1935 427 1984 quem
444 1933 478 1968 ex
495 1915 601 1968 ratione
617 1916 805 1984 lrcroogoniae
823 1917 948 1970 Graecae
965 1918 1157 1985 imperfectum

126 2007 212 2061 fnisse
238 2008 441 2072 demonstravi,
464 2024 526 2060 cum
551 2008 596 2060 his
624 2007 789 2060 carminibus
806 2011 933 2081 Cetelogi
959 2017 1156 2083 connecterent.

126 2100 281 2153 Verisimile
303 2103 344 2152 est
368 2100 439 2152 enim
463 2099 573 2153 ultimos
590 2100 773 2171 Theogoniae
794 2119 890 2156 versus
907 2104 936 2157 in
952 2106 1026 2158 hunc
1043 2106 1156 2158 modurn

127 2207 192 2246 cum
209 2191 353 2262 Gatalogls
371 2194 541 2245 coniunctum
557 2192 643 2245 luisse
654 2196 671 2245 ι’

230 2285 296 2338 Νόν
312 2283 344 2338 δὲ
361 2284 503 2352 γυναικοῖν
520 2285 610 2352 φάλον
628 2283 749 2352 estsere,
770 2287 944 2341 ναλλιέιιιιαι

18 2420 19 2431 .
125 2397 130 2403 ·
230 2377 348 2429 Moriens
364 2373 560 2444 Ὀλυμπιάδος,
579 2377 681 2445 κοῦραι
698 2373 767 2437 Διός
784 2372 933 2445 αἰγιόχοιο,

225 2457 288 2529 ‘Her
306 2464 383 2536 ἐμίγη
402 2462 535 2537 φιλότητι
551 2464 645 2538 αατῆρ
662 2463 777 2540 άνόραῑν
793 2486 824 2522 rs
842 2469 920 2523 θεῶν
936 2487 976 2537 τι,

225 2559 280 2627 Οἴη
299 2558 348 2628 ἔην
364 2557 470 2630 Νιόβη,

128 2651 225 2719 quibas
251 2657 347 2720 posteo
371 2653 566 2723 adiungeretur
588 2647 608 2721 ἢ
632 2653 678 2721 οἴη
704 2652 837 2722 Ἀλκμήνη
860 2657 907 2707 rel
930 2654 1020 2708 simile
1037 2654 1154 2723 quidde

127 2744 226 2796 ceteris
252 2745 386 2813 heminis,
413 2747 643 2813 quemadmodum
664 2747 693 2799 id
716 2747 897 2801 indicavimus
923 2749 959 2800 ad
981 2750 1054 2802 Scut·
1077 2748 1153 2803 υ.1.

126 2836 245 2889 Ultimos
267 2837 352 2907 igitur
370 2839 552 2909 Theogoniae
576 2838 726 2892 versiculos
751 2845 825 2892 recte
852 2841 1073 2907 comparabimus
1091 2858 1154 2895 cum

126 2929 251 2980 versibus
267 2929 341 2994 istis,
359 2947 427 2997 quos
443 2932 494 2983 sub
511 2931 595 2984 linem
613 2931 707 2983 lliadis
722 2930 846 2984 inventos
863 2948 922 2983 esse
940 2932 1048 3000 scripsit
1064 2934 1154 2987 Scho-

125 3019 206 3074 llseta
222 3020 407 3074 Victorianus:
425 3021 498 3084 τινὲς
516 3021 689 3092 γράφουσιν·
792 3028 795 3041 “

221 3104 274 3174 Ὣς
290 3113 324 3167 οἵ
338 3109 363 3182 γ’
380 3111 525 3182 άμφλυνισν
542 3113 636 3183 τάφον
646 3108 792 3182 Ἕκτορος·
818 3103 890 3180 η’λθι
908 3112 934 3168 δ’
950 3111 1081 3184 ituatur,

221 3200 319 3276 ’Λρησς
334 3206 465 3276 θυγάτηρ
481 3203 668 3278 μεγαλήτορος
686 3202 887 3274 άνόρσφόνσιο.

123 3297 341 3349 ὒσοουολυλικλυι·
353 3298 426 3350 euim
441 3299 584 3366 Aethiopis
595 3298 707 3351 Arctini.
726 3299 757 3348 V.
775 3298 848 3349 Inob
857 3316 872 3349 e
881 3297 997 3350 clrium
1013 3297 1153 3366 Aglaopls.

124 3405 152 3455 p.
168 3386 231 3440 417.
267 3389 311 3442 Cf.
325 3390 498 3443 Welclrer.
517 3393 593 3459 cycl.
612 3407 654 3458 cp·
671 3406 699 3455 p.
717 3387 778 3439 213.
813 3387 904 3441 Simili
921 3378 1034 3439 trau'situ
1051 3386 1158 3457 Epigo-

122 3495 173 3532 nos
197 3482 317 3533 adnexos
339 3464 436 3534 fnisse¹
448 3484 511 3536 aliis
535 3482 699 3537 carminibus
724 3479 814 3546 ipsum
832 3495 926 3530 emtum
943 3478 1048 3533 initium
1066 3481 1154 3548 docet,

123 3571 198 3637 quod
213 3576 354 3626 serratum
372 3579 413 3626 est
429 3575 465 3628 ab
482 3581 595 3628 auctore
611 3571 715 3644 Agonis
731 3590 759 3639 p.
779 3568 840 3636 324,
857 3570 890 3623 3:

227 3665 294 3717 Νῦν
310 3656 379 3718 αὖθ’
397 3661 555 3736 ὁπλοτέρων
572 3661 684 3736 άνδριόν
700 3659 862 3736 άργοόμεθα,
881 3663 1006 3716 Μοῦσαι.

123 3755 207 3809 Talis
226 3761 319 3809 antem
337 3757 487 3825 composita
505 3774 564 3810 csse
581 3757 617 3810 ad
633 3755 748 3809 Homeri
764 3757 867 3808 nerbas
886 3751 1004 3809 Ἔσιιιτι
1020 3755 1073 3809 νόν
1096 3773 1154 3824 μοι,

122 3847 243 3899 Moriens
256 3843 397 3915 Ὀλάμνιισι
413 3845 519 3916 δώματ’
538 3847 658 3917 ἔχουσαι,
676 3849 741 3916 quid
757 3848 857 3900 mirum
875 3846 939 3900 esti

190 3937 319 3990 Ceterum
335 3941 388 3991 hos
405 3941 554 4011 Catelogos
571 3941 736 3993 Lucanus
753 3946 801 3993 aut
817 3939 953 3993 transtulit
969 3941 1016 3990 aut
1030 3934 1155 3992 imitatus

123 4033 180 4082 est:
206 4031 359 4097 composuit
377 4033 450 4085 enim
469 4035 633 4103 Catalogum
649 4033 810 4086 Heroidum.
847 4031 1071 4085 Sosicratem
1087 4047 1155 4084 vero

122 4120 341 4191 Plrauegoritam
354 4128 382 4177 et
397 4125 422 4177 N
430 4125 631 4178 icaeuetum
643 4126 769 4204 Samium*
780 4126 896 4193 parodia
905 4124 1053 4178 Hesiodios
1070 4122 1156 4174 libros

124 4214 315 4282 perstrinxisse
339 4219 367 4272 et
383 4233 417 4272 er
440 4233 537 4272 eorum
553 4217 707 4274 carminum
729 4217 816 4274 titulis
832 4222 860 4272 et
876 4234 911 4270 er
926 4214 1062 4270 Athenaei
1079 4229 1156 4266 com-
