2890 4898
1072 402 1147 447 lxm

15 546 16 551 ’
116 538 222 599 buitur,
236 549 306 602 quae
314 551 398 600 quum
405 534 518 603 Orpbici
531 530 687 604 argumenti
694 540 773 602 occet,
787 535 856 590 nibil
870 535 1015 592 commuue
1027 541 1149 596 babebat

117 648 183 683 cum
214 631 377 697 argumento
406 627 525 695 Aegimii
554 628 752 697 mythologice.
790 629 989 697 Argumentum
1014 632 1148 687 indicasse

116 724 230 784 videtur
245 721 387 773 Plutarch.
405 720 490 771 Thea
507 717 550 771 85.
586 721 654 771 Cum
673 719 728 771 hoc
745 725 836 771 autem
858 721 883 772 si
908 723 1001 788 plura,
1025 728 1053 775 ut
1069 726 1148 778 multi

45 848 47 855 ,
118 816 243 880 credunt,
261 811 403 865 coniuncta
418 810 528 862 fuerunt
552 811 622 875 alia,
648 811 731 863 etiam
755 813 789 864 de
811 813 913 881 Aegle,
938 819 1148 882 propterquam

119 906 272 958 deseruisse
288 904 437 957 Ariadnam
454 903 580 954 Tbeaeue
598 903 754 967 dicebatur,
778 904 812 956 de
838 920 891 971 qua
913 922 945 957 re
963 908 1068 959 llereae
1085 909 1147 960 Μο-

118 997 244 1067 gareneie
251 1001 416 1064 exposuerat
424 995 550 1063 (Fragm.
563 997 681 1061 calla),
691 1013 743 1047 non
755 996 939 1063 improbabile
947 997 1147 1052 videturetiam

118 1091 310 1152 innovemus,
336 1103 404 1154 quoe
427 1105 461 1139 ex
477 1087 570 1141 nescio
588 1104 641 1154 quo
658 1092 740 1155 poeta
761 1087 833 1139 idem
852 1090 958 1142 Hcreaa
975 1092 1147 1160 allegaverat

117 1182 207 1250 (Plut.
224 1182 308 1234 Theo.
326 1178 402 1244 32.):

291 1270 342 1327 τὸν
360 1266 502 1339 (Ἄλυκον)
521 1270 551 1325 ἐν
568 1265 713 1342 ον’ρογόρῳ
730 1267 793 1326 σοι’
812 1272 925 1344 Ἀφίὸνγ

223 1362 415 1435 Μαγνοὶμινον
433 1361 542 1433 Θησεὺς
556 1362 666 1432 Ἑλένης
683 1360 751 1419 ἕνεκ’
769 1364 908 1436 ἠϋκόμοιο

224 1475 331 1511 acerveo

116 1567 167 1618 pro
184 1549 325 1602 Heeiodiie
340 1548 483 1604 babendoa
498 1564 566 1601 ecee.
584 1550 692 1602 Hereua
709 1551 745 1602 ab
765 1553 858 1620 Etym.
873 1552 913 1604 Μ.
933 1569 961 1618 p·
977 1549 1039 1603 436.
1056 1553 1146 1606 Herae

118 1643 172 1695 dici
191 1642 311 1694 videtur.

186 1736 228 1786 De
251 1732 410 1802 degimio
433 1733 490 1785 dixi
514 1751 541 1800 p.
565 1731 643 1784 2bl.-
670 1733 760 1787 Unum
792 1735 893 1787 addere
921 1733 1003 1787 liceat
1034 1741 1146 1803 proptor

116 1828 275 1897 fragmenta
291 1826 350 1876 vll.
369 1830 396 1877 et
413 1826 484 1876 VIII.
519 1826 550 1877 ln
567 1827 621 1877 hoc
639 1830 765 1891 poemate
788 1842 944 1878 sermonem
959 1826 1042 1878 etiam
1059 1827 1145 1880 suinae

117 1924 151 1975 de
174 1919 349 1973 Dorienaium
374 1918 516 1985 republica
539 1918 670 1985 novisque
694 1917 721 1969 in
746 1935 780 1969 ea
804 1918 913 1988 legibue
938 1920 1001 1972 latia
1019 1920 1144 1973 concludi

117 2018 205 2082 potest
227 2030 260 2065 ex
286 2009 622 2079 Pinder.Pytn.1,125=
649 2010 705 2063 αἰεὶ
726 2008 822 2077 μένειν
846 2014 992 2078 τεθμοῖσιν
1014 2009 1045 2065 ἐν
1071 2015 1144 2080 Αἰγι-

116 2106 181 2174 μὶοο
191 2105 236 2171 ¹⁶)
251 2104 379 2174 Δωρίοις.
398 2103 491 2169 Neque
498 2102 576 2171 Hylli
583 2103 801 2169 Timandraeque
814 2104 914 2156 mentio
924 2107 1020 2158 abesse
1027 2111 1143 2173 poterat.

185 2199 302 2250 Carmen
325 2194 390 2266 περὶ
411 2191 521 2249 Ἰδαίων
542 2192 701 2259 δακτύλων,
727 2195 761 2246 de
785 2212 837 2261 quo
863 2196 925 2249 vide
943 2197 1061 2250 Lobecln
1081 2200 1143 2269 Agl.

116 2309 142 2359 p.
160 2289 249 2355 noo,
266 2294 294 2341 et
311 2289 499 2355 Μελαμποδία
517 2290 583 2354 (non
602 2288 813 2355 Μελαμπῳδίοι,
831 2293 861 2338 ut
878 2290 981 2358 legitur
998 2291 1071 2357 apud
1087 2293 1144 2343 Fa-

116 2382 233 2434 bricium
250 2381 321 2432 Bibl.
340 2381 388 2431 Gr.
406 2380 427 2432 l.
446 2398 473 2447 p.
490 2378 564 2444 11⁵.)
590 2380 625 2431 ad
650 2379 724 2431 idem
740 2380 958 2447 mythologicum
977 2399 1063 2450 genna
1081 2400 1144 2449 per-

114 2474 201 2528 tinere
218 2490 288 2524 nunc
305 2477 383 2540 puto:
410 2471 444 2522 de
461 2471 649 2538 Melampode
675 2471 747 2524 enim
769 2477 844 2524 reete
861 2464 1018 2538 exposuiaae
1036 2473 1144 2525 videtur

114 2565 371 2619 blarclracbeffeliue
385 2580 412 2629 p.
429 2561 489 2613 loo.
528 2563 655 2616 Ceterum
672 2565 706 2616 dc
728 2565 826 2617 eodem
843 2565 1021 2631 Melampode
1034 2565 1144 2620 fabulae

16 2690 17 2729 l
114 2659 228 2728 collegit
238 2654 441 2709 Eclermannue
453 2656 685 2723 (Melampueund
699 2656 1143 2726 aeinGcachlccht.Goett.184(i.).

181 2751 224 2802 Ad
249 2748 414 2802 didacticum
432 2764 514 2814 porro
532 2765 618 2816 genua
641 2749 708 2801 olim
726 2749 782 2801 dixi
799 2749 934 2817 pertinere
952 2749 1004 2819 ἔπη
1020 2751 1141 2818 μαντικοί

16 2852 17 2893 l
113 2847 142 2894 et
158 2839 300 2910 ἐξηγήσεις
318 2838 363 2894 ἐπὶ
380 2837 505 2910 τέρασιν,
529 2858 599 2907 quae
616 2842 766 2894 Pausaniae
790 2859 1006 2896 commemorare
1026 2847 1142 2898 videtur.

15 2932 17 2965 f
113 2936 169 2989 Sed
193 2936 229 2987 de
250 2933 327 2989 ἔνιοι
350 2938 494 2999 μαντικοῖς
517 2938 592 2986 recte
616 2934 993 2987 monuitlllarclrecbeffoliua
1011 2953 1142 2990 nouenae

112 3026 242 3078 habenda
259 3026 286 3077 in
299 3024 385 3077 titulis
403 3025 554 3077 carminum
571 3027 772 3090 lleeiodiorum‚
789 3044 873 3095 quum
889 3028 976 3080 verba
990 3029 1141 3083 PausanIae

112 3116 182 3170 nibil
198 3117 344 3169 videantur
360 3115 532 3184 significare,
556 3120 757 3183 quammultos
774 3135 835 3171 eece
852 3119 879 3170 ln
898 3120 1065 3174 carminibus
1082 3123 1141 3173 lde·

111 3209 208 3262 made
222 3208 387 3274 versiculos,
405 3210 452 3276 qni
468 3211 503 3261 de
519 3209 657 3262 vaticinii·
674 3215 774 3278 agant3
796 3210 869 3262 idem
885 3215 977 3262 tamen
995 3212 1140 3264 dicendum

112 3308 171 3354 erat
188 3302 224 3353 de
244 3297 403 3369 ἐξηγήσεσιν
425 3299 472 3354 ἐπὶ
488 3301 608 3371 τέρασιν.
643 3302 810 3353 Monendnm
828 3306 869 3352 eet
889 3303 962 3353 enlm
974 3302 1140 3355 Pausaniam

110 3395 282 3447 Herodotum
299 3399 327 3446 et
342 3392 668 3447 Homerumimltantcm
693 3392 722 3446 τὲ
746 3392 910 3461 particulam
933 3392 1000 3460 (οἱοὶ
1017 3393 1141 3461 praeiere

111 3503 174 3539 cum
199 3485 354 3538 noriaaimie
377 3486 527 3539 editoribus
548 3485 749 3554 supposititiam
772 3484 876 3549 dicere)
894 3485 1019 3539 relativi·
1034 3485 1074 3538 ita
1090 3488 1140 3538 ad·
1217 3538 1221 3543 ,

110 3579 236 3647 iungere,
262 3583 294 3629 ut
316 3579 416 3630 borum
434 3577 491 3629 vim
507 3578 642 3641 intendat3
669 3575 762 3633 ὁπόσοι
784 3595 815 3632 τε
838 3582 900 3629 aaut
924 3577 1008 3646 igitur
1031 3594 1140 3646 quae-

110 3686 263 3739 cunque,
291 3686 380 3737 noque
402 3669 433 3724 τὲ
450 3670 518 3724 illud
536 3688 598 3723 cum
619 3673 668 3726 aut
685 3676 747 3725 ante
764 3666 905 3738 ἐξηγήσεις
922 3675 1141 3738 componendum

111 3863 156 3932 ¹⁶)
180 3865 278 3914 Mirum
292 3873 330 3914 eat
347 3864 382 3921 de
392 3873 501 3915 accentu
516 3866 639 3916 vocabuli
654 3865 775 3931 Αἰγίμιος
789 3864 858 3914 nihii
873 3865 943 3932 apud
956 3868 1140 3931 grammaticos

177 3932 298 3998 reperiri.
335 3936 391 3998 Ego
407 3934 472 3985 duos
494 3933 568 3984 locos
581 3935 686 3985 Pindari
702 3934 796 4002 (Pyth.
808 3937 830 3996 l,
843 3934 885 3985 64.
905 3935 936 3992 V,
952 3935 994 3989 72.
1010 3937 1140 4000 Boeckh.)

178 4010 208 4051 nt
230 3999 426 4066 antiquissimos
455 4002 569 4053 omnium
593 4014 697 4052 secutus
720 4002 746 4050 in
767 4002 889 4053 doctriua
916 4001 949 4051 de
972 4015 1074 4055 nocent.
1092 4007 1139 4055 Gr.

177 4086 204 4134 p.
225 4068 282 4118 172.
300 4068 353 4117 dixi
366 4062 506 4131 σ’ξντὸνιος
523 4070 746 4136 pronuntiandum
766 4087 861 4120 nornen
876 4087 946 4126 esae3
967 4070 1015 4120 sed
1030 4090 1140 4121 monen-

177 4137 240 4185 dum
256 4146 295 4185 eet
309 4137 336 4186 in
351 4138 468 4188 omnium
486 4139 643 4206 scriptorum
661 4137 767 4189 serioris
785 4138 876 4188 aetatis
890 4138 956 4189 loeis
971 4156 1140 4206 propnroxy⁴

176 4213 260 4255 tonon
276 4221 344 4255 esse.
422 4220 424 4225 ’
