2890 4898
1053 403 1149 447 1111!ss

110 560 183 631 paral
206 556 346 628 scrpdplp
362 553 386 609 ι’
410 555 459 610 οιαὶ
484 553 588 625 δεκάτῃ
619 547 708 621 fisa
732 552 811 617 honr
845 535 948 619 55χοῖ
977 548 1020 602 dd
1042 549 1151 604 scholia

114 651 263 719 adscripsit
282 651 369 704 haec:
389 647 420 701 ci
439 645 551 716 ἐκλογαὶ
570 638 656 703 αὗται
674 646 705 700 αὶ
724 643 834 701 ducena
846 639 1000 711 ἐξηγήσεως
1017 642 1068 695 τοῦ
1085 640 1150 707 Trl-

113 749 185 811 υζου
201 762 233 799 το
250 741 299 797 καὶ
319 738 449 810 Πρόκλου
471 735 537 809 παρ’
564 737 634 808 ἐμοῦ
652 739 723 794 eleis
749 737 899 806 ἑαλεγιῒοαι
917 734 1080 803 Δημητρίου
1097 734 1151 788 τοί

116 837 291 909 Tantaleo.
337 837 419 891 Hanc
451 832 575 886 codicem
606 832 707 886 contrdi
739 847 810 885 anno
837 827 914 882 1828.
944 827 981 880 ad
1005 827 1148 893 exemplar

115 931 151 984 Ιι.
166 928 313 983 Diodordi.

187 1022 257 1074 vat.
275 1019 301 1072 1.
335 1016 481 1070 Vaticanus
497 1016 530 1069 N.
542 1014 629 1081 ilua,
647 1014 759 1079 octonis,
777 1013 880 1066 saeculi
899 1011 975 1077 xla,
993 1014 1023 1063 ut
1034 1009 1151 1078 videtur,

117 1111 239 1167 continet
255 1109 457 1177 Theogoniam.
496 1110 605 1163 Contuli
623 1125 693 1160 anno
713 1107 787 1159 1828.
807 1109 843 1159 ad
867 1106 1007 1172 exemplar
1023 1103 1149 1157 Diodori.

117 1208 192 1260 Cum
208 1204 264 1256 hoc
281 1219 314 1253 ne
332 1200 482 1254 confundas
499 1203 558 1254 Vat.
576 1201 603 1252 in
621 1199 811 1267 Operibus:
829 1198 912 1250 huius
929 1196 1002 1250 enim
1018 1197 1150 1250 lectiones

116 1296 216 1363 recepi
233 1313 248 1346 e
264 1293 358 1345 Lanzii
376 1293 503 1356 editione,
521 1292 566 1359 qui
585 1291 702 1344 notavit:
720 1291 779 1342 Vat-
797 1288 840 1341 12.

190 1388 263 1439 Vat.
281 1384 317 1450 2.,
336 1386 480 1438 Vaticanus
494 1386 523 1437 N.
532 1384 575 1437 38.
589 1385 701 1447 octonis,
715 1383 807 1435 hornb.
822 1382 926 1434 saeculi
932 1382 1011 1446 Xiv,
1025 1397 1151 1448 quocon-

117 1479 238 1534 tinentur
255 1483 364 1545 praeter
379 1478 495 1530 Hesiodi
507 1478 600 1544 Opera
618 1483 645 1533 et
661 1475 726 1528 Dies
745 1472 873 1545 Πρόκλου
890 1471 1035 1542 Διαδόχου
1053 1471 1152 1542 σχόλια

119 1572 162 1633 εἰς
187 1570 223 1624 τοὶ
251 1570 316 1641 ἔργα
342 1569 390 1622 ael
416 1565 519 1640 ἡμέρας
535 1570 587 1622 τοῦ
610 1565 745 1636 derideo,
775 1563 948 1637 Πυθαγόρου
966 1565 1072 1637 χρύσεοι
1088 1564 1152 1637 ἔπη,

8 1688 9 1691 ’
117 1662 265 1735 pincenati
282 1663 342 1734 βίος
359 1656 512 1728 enatandi,
530 1661 586 1714 crdo
601 1657 745 1714 ὀπποανοῦ
764 1655 929 1714 &heortasio
946 1661 1062 1731 βιβλίων
1079 1657 1151 1713 ὑπο·

118 1756 214 1818 θέσεις
232 1784 267 1795 -
285 1752 429 1808 &narnensi
448 1749 678 1823 attentassent
698 1754 829 1821 opelius,
852 1753 970 1823 Ososp„
986 1749 1152 1824 Ἀοιοοοφυῖ·

119 1868 189 1912 υους
205 1849 328 1909 πλοῦτος
351 1846 399 1900 καὶ
415 1843 540 1913 νεφέλαι,
560 1846 712 1915 Θεοκρίτου
731 1862 835 1915 φορμ,
854 1845 979 1912 cloptona
997 1839 1016 1913 ἦ
1033 1844 1152 1901 θυώυυ.
1233 1882 1235 1887 .

119 1958 178 2010 χοι,
196 1932 343 2008 χάριτεςῆ
366 1936 457 2009 tique.
494 1939 650 1991 Contulerat
672 1939 746 1990 hunc
768 1938 804 1989 ad
828 1936 973 1990 editionem
999 1936 1152 2008 Weigelia·

120 2049 186 2086 nam
210 2034 317 2098 (secuta
340 2032 410 2085 haec
435 2034 476 2081 est
493 2029 673 2097 Bruoclrium)
695 2036 723 2082 et
739 2032 776 2082 ad
800 2031 864 2084 edit.
882 2031 1055 2085 Boissonadii
1072 2031 1100 2084 iu
1117 2032 1152 2085 iis

120 2123 261 2188 versibus,
290 2139 358 2188 quos
381 2121 534 2175 Branchius
565 2121 733 2188 eliminaret,
763 2122 941 2176 Aemilius
965 2125 1153 2193 Braunius,

122 2217 227 2270 amicus
243 2232 330 2267 meus.

191 2309 302 2372 Taua,
320 2305 497 2359 'l'aurinensis
514 2307 548 2358 B.
566 2306 614 2370 111,
632 2305 675 2357 16.
713 2306 837 2360 Continet
851 2308 1058 2379 Theogoniam,
1076 2325 1151 2363 saec.

121 2402 179 2457 XV.
215 2401 321 2455 Contuli
340 2402 375 2452 ad
393 2401 509 2467 exempl.
528 2399 559 2450 L.
579 2397 712 2451 Diodorlii
731 2414 801 2449 anno
820 2398 897 2452 1828,

191 2493 271 2556 ML,
294 2493 435 2545 Mediceus
458 2490 485 2542 in
508 2491 575 2542 bibi.
599 2490 784 2542 Laurentiano
809 2491 882 2543 Plut.
898 2493 999 2545 xxxi.
1022 2492 1088 2546 Cod.
1107 2491 1151 2546 2⁰.

124 2588 293 2640 chartaceus.
330 2585 454 2638 Continet
470 2583 663 2653 Theogoniam
680 2589 708 2636 et
723 2583 845 2636 Scotum.

190 2678 263 2745 Mt,
280 2677 421 2730 Mediceus
437 2676 465 2728 in
480 2677 548 2728 bibl.
565 2676 647 2729 Laur-
666 2677 735 2729 Plut.
754 2678 864 2744 1111111,
881 2678 948 2731 Cod.
966 2676 1009 2733 32.
1026 2679 1152 2747 membr,

123 2773 224 2825 saeculi
244 2771 312 2823 XIV.
348 2769 473 2821 Continet
489 2768 681 2837 Theogoniam
706 2786 791 2837 usque
809 2772 845 2822 ad
861 2789 888 2824 v.
907 2770 967 2823 tta.
985 2778 1011 2825 et
1028 2772 1152 2825 Scotum.

191 2864 265 2931 lla,
282 2862 424 2916 Mediceus
442 2861 469 2913 in
486 2862 553 2914 bibl.
572 2861 654 2914 Laur.
674 2862 746 2915 Plut.
765 2864 878 2928 xxxii,
897 2863 951 2927 16,
969 2865 1074 2918 saeculi
1092 2864 1151 2917 ΧΠ.

123 2956 263 3011 Francisci
294 2955 436 3023 Philclphi
467 2954 533 3007 olim
564 2962 636 3022 erat,
677 2961 784 3024 emptus
813 2957 1044 3025 Constantinopoli
1081 2974 1151 3011 anno

123 3049 346 3102 mccccxxnl.
382 3047 506 3099 Continet
523 3053 632 3115 praeter
647 3048 762 3101 Hesiodi
780 3049 975 3119 Theogoniam
992 3056 1019 3103 et
1036 3051 1151 3103 Scutam

122 3141 210 3196 Nonni
229 3139 408 3210 Dionysiaca,
427 3139 620 3206 Theocritum,
643 3141 817 3209 Apollonium
835 3142 984 3195 Rhodium.
1019 3143 1079 3195 llos
1096 3147 1152 3194 tres

124 3249 194 3287 anno
214 3230 291 3283 1840.
317 3232 417 3284 contuli
433 3232 477 3283 ⁴ad
500 3234 640 3301 exemplar
666 3234 898 3286 (iaiefordienum.
933 3234 1039 3301 Recepi
1057 3237 1152 3286 antem

124 3331 184 3380 octo
203 3325 337 3389 codicum,
355 3341 422 3391 quos
440 3323 580 3392 descripsi,
597 3328 729 3380 lectiones
746 3326 877 3395 integras.

193 3418 341 3469 Praeterea
366 3416 448 3468 trium
476 3418 602 3471 codicum
625 3420 817 3472 Vaticanorum
846 3417 940 3471 varias
964 3415 1103 3469 lectiones-
1117 3430 1152 3469 cx

123 3508 289 3579 Theogonis
310 3526 395 3575 usque
418 3511 453 3561 ad
469 3528 510 3564 vs.
529 3510 589 3564 403.
607 3514 642 3565 ad
667 3512 808 3578 exemplar
831 3510 1035 3580 Weigelianum
1058 3516 1154 3563 enota-
1250 3576 1254 3583 1

123 3607 167 3656 tas
195 3618 304 3653 mecum
329 3603 537 3656 communicavit
561 3605 741 3658 Aemilius
774 3603 970 3668 Braunins,
1005 3618 1073 3671 quas
1098 3603 1153 3656 hoc

122 3697 187 3748 loco
205 3694 368 3747 adscribam.

194 3784 225 3852 f,
242 3787 308 3839 Cod.
328 3787 386 3840 lat.
407 3787 677 3842 lateranenses.
697 3789 751 3841 xi.
773 3789 805 3840 ln
821 3788 911 3841 fronte
928 3786 1047 3858 legiturs
1067 3789 1154 3843 Φουλ-

120 3879 187 3950 βίου
205 3880 257 3933 τοῦ
275 3874 409 3950 ου’ροίυου
428 3881 520 3952 δῶρον
536 3879 669 3936 ernoldus
686 3881 737 3936 τοῦ
753 3879 922 3954 paroeciano-

193 3972 238 4037 0.‚
257 3972 326 4028 Cod.
346 3973 405 4025 Vat·
422 3971 483 4024 915.
538 3978 542 3986 ’

192 4065 232 4130 V,
250 4064 318 4117 Cod.
335 4065 397 4116 Vct.
415 4063 618 4132 1332.‚o0mh.
637 4080 711 4118 saec.
729 4065 799 4119 XIV.
813 4082 846 4118 ex
860 4063 939 4120 libris
950 4065 1044 4121 Fulvii
1055 4065 1156 4122 Ursini·

121 4156 252 4213 Continet
268 4157 463 4226 Theogoniam
480 4161 507 4210 et
525 4157 618 4225 Opera
634 4162 662 4213 et
677 4157 751 4212 Dies·
