<?xml version="1.0" encoding="UTF-8"?>
<!DOCTYPE html PUBLIC "-//W3C//DTD XHTML 1.0 Transitional//EN"
    "http://www.w3.org/TR/xhtml1/DTD/xhtml1-transitional.dtd">
<html xmlns="http://www.w3.org/1999/xhtml" xml:lang="en" lang="en">
 <head>
  <title>
</title>
<meta http-equiv="Content-Type" content="text/html;charset=utf-8" />
  <meta name='ocr-system' content='tesseract 3.04.00' />
  <meta name='ocr-capabilities' content='ocr_page ocr_carea ocr_par ocr_line ocrx_word'/>
</head>
<body>
  <div class='ocr_page' id='page_1' title='image "./carmina02goetgoog_0059.png"; bbox 0 0 2890 4898; ppageno 0'>
   <div class='ocr_carea' id='block_1_1' title="bbox 295 427 344 470">
    <p class='ocr_par' dir='ltr' id='par_1_1' title="bbox 295 427 344 470">
     <span class='ocr_line' id='line_1_1' title="bbox 295 427 344 470; baseline -0.041 0"><span class='ocrx_word' id='word_1_1' title='bbox 295 427 344 470; x_wconf 70' lang='lat' dir='ltr'><strong>biv</strong></span> 
     </span>
    </p>
   </div>
   <div class='ocr_carea' id='block_1_2' title="bbox 294 561 1327 2287">
    <p class='ocr_par' dir='ltr' id='par_1_2' title="bbox 294 561 1327 2287">
     <span class='ocr_line' id='line_1_2' title="bbox 295 561 1326 634; baseline -0.001 -17"><span class='ocrx_word' id='word_1_2' title='bbox 295 568 435 633; x_wconf 70' lang='lat' dir='ltr'>praeesset</span> <span class='ocrx_word' id='word_1_3' title='bbox 466 567 512 619; x_wconf 84' lang='lat' dir='ltr'><strong>vel</strong></span> <span class='ocrx_word' id='word_1_4' title='bbox 534 566 607 616; x_wconf 85' lang='lat' dir='ltr'><strong>adeo</strong></span> <span class='ocrx_word' id='word_1_5' title='bbox 634 563 715 616; x_wconf 84' lang='lat' dir='ltr'><strong>index</strong></span> <span class='ocrx_word' id='word_1_6' title='bbox 742 561 900 617; x_wconf 82' lang='lat' dir='ltr'><strong>constitutus</strong></span> <span class='ocrx_word' id='word_1_7' title='bbox 923 565 1002 615; x_wconf 88' lang='lat' dir='ltr'><strong>esset.</strong></span> <span class='ocrx_word' id='word_1_8' title='bbox 1037 562 1096 616; x_wconf 87' lang='lat' dir='ltr'><strong>Non</strong></span> <span class='ocrx_word' id='word_1_9' title='bbox 1121 564 1224 616; x_wconf 89' lang='lat' dir='ltr'><strong>mirum</strong></span> <span class='ocrx_word' id='word_1_10' title='bbox 1240 562 1326 634; x_wconf 77' lang='lat' dir='ltr'><strong>igitur</strong></span> 
     </span>
     <span class='ocr_line' id='line_1_3' title="bbox 295 654 1325 725; baseline -0.002 -15"><span class='ocrx_word' id='word_1_11' title='bbox 295 656 448 723; x_wconf 78' lang='lat' dir='ltr'><strong>videbitur,</strong></span> <span class='ocrx_word' id='word_1_12' title='bbox 474 657 498 709; x_wconf 89' lang='lat' dir='ltr'><strong>si</strong></span> <span class='ocrx_word' id='word_1_13' title='bbox 514 659 589 709; x_wconf 89' lang='lat' dir='ltr'><strong>huuc</strong></span> <span class='ocrx_word' id='word_1_14' title='bbox 605 657 697 709; x_wconf 89' lang='lat' dir='ltr'><strong>locum</strong></span> <span class='ocrx_word' id='word_1_15' title='bbox 714 673 764 724; x_wconf 90' lang='lat' dir='ltr'><strong>pro</strong></span> <span class='ocrx_word' id='word_1_16' title='bbox 782 655 930 725; x_wconf 77' lang='lat' dir='ltr'><strong>panegyris</strong></span> <span class='ocrx_word' id='word_1_17' title='bbox 952 656 1058 709; x_wconf 79' lang='lat' dir='ltr'><strong>mtione</strong></span> <span class='ocrx_word' id='word_1_18' title='bbox 1075 654 1153 707; x_wconf 80' lang='lat' dir='ltr'><strong>varie</strong></span> <span class='ocrx_word' id='word_1_19' title='bbox 1170 656 1217 707; x_wconf 82' lang='lat' dir='ltr'><strong>vel</strong></span> <span class='ocrx_word' id='word_1_20' title='bbox 1234 660 1325 708; x_wconf 87' lang='lat' dir='ltr'><strong>muta·</strong></span> 
     </span>
     <span class='ocr_line' id='line_1_4' title="bbox 294 748 1325 817; baseline -0.003 -15"><span class='ocrx_word' id='word_1_21' title='bbox 294 754 354 802; x_wconf 89' lang='lat' dir='ltr'><strong>tum</strong></span> <span class='ocrx_word' id='word_1_22' title='bbox 377 753 424 803; x_wconf 80' lang='lat' dir='ltr'><strong>vel</strong></span> <span class='ocrx_word' id='word_1_23' title='bbox 447 753 606 802; x_wconf 84' lang='lat' dir='ltr'><strong>exornatum</strong></span> <span class='ocrx_word' id='word_1_24' title='bbox 636 765 695 800; x_wconf 81' lang='lat' dir='ltr'><strong>esse</strong></span> <span class='ocrx_word' id='word_1_25' title='bbox 718 764 735 800; x_wconf 89' lang='lat' dir='ltr'><strong>a</strong></span> <span class='ocrx_word' id='word_1_26' title='bbox 759 749 906 815; x_wconf 71' lang='lat' dir='ltr'><strong>rhapsodias</strong></span> <span class='ocrx_word' id='word_1_27' title='bbox 929 749 963 800; x_wconf 79' lang='lat' dir='ltr'><strong>sle</strong></span> <span class='ocrx_word' id='word_1_28' title='bbox 980 748 1103 816; x_wconf 87' lang='lat' dir='ltr'><strong>praemio</strong></span> <span class='ocrx_word' id='word_1_29' title='bbox 1127 748 1219 817; x_wconf 76' lang='lat' dir='ltr'><strong>magis</strong></span> <span class='ocrx_word' id='word_1_30' title='bbox 1242 764 1325 815; x_wconf 81' lang='lat' dir='ltr'><strong>qnam</strong></span> 
     </span>
     <span class='ocr_line' id='line_1_5' title="bbox 295 839 1327 909; baseline -0.001 -15"><span class='ocrx_word' id='word_1_31' title='bbox 295 843 330 894; x_wconf 86' lang='lat' dir='ltr'><strong>sle</strong></span> <span class='ocrx_word' id='word_1_32' title='bbox 352 843 419 894; x_wconf 88' lang='lat' dir='ltr'><strong>artis</strong></span> <span class='ocrx_word' id='word_1_33' title='bbox 441 843 544 894; x_wconf 89' lang='lat' dir='ltr'><strong>honore</strong></span> <span class='ocrx_word' id='word_1_34' title='bbox 569 840 693 892; x_wconf 69' lang='lat' dir='ltr'><strong>sollicitis</strong></span> <span class='ocrx_word' id='word_1_35' title='bbox 721 839 904 892; x_wconf 75' lang='lat' dir='ltr'><strong>statuerimus.</strong></span> <span class='ocrx_word' id='word_1_36' title='bbox 939 839 1060 893; x_wconf 84' lang='lat' dir='ltr'><strong>Fuerunt</strong></span> <span class='ocrx_word' id='word_1_37' title='bbox 1085 841 1170 909; x_wconf 81' lang='lat' dir='ltr'><strong>igitur</strong></span> <span class='ocrx_word' id='word_1_38' title='bbox 1195 839 1241 907; x_wconf 81' lang='lat' dir='ltr'><strong>qui</strong></span> <span class='ocrx_word' id='word_1_39' title='bbox 1264 842 1327 907; x_wconf 86' lang='lat' dir='ltr'><strong>post</strong></span> 
     </span>
     <span class='ocr_line' id='line_1_6' title="bbox 295 928 1325 1000; baseline -0.005 -11"><span class='ocrx_word' id='word_1_40' title='bbox 295 953 322 989; x_wconf 75' lang='lat' dir='ltr'><strong>u·</strong></span> <span class='ocrx_word' id='word_1_41' title='bbox 338 934 382 987; x_wconf 65' lang='grc'><strong>19.</strong></span> <span class='ocrx_word' id='word_1_42' title='bbox 400 934 493 986; x_wconf 86' lang='lat' dir='ltr'><strong>statim</strong></span> <span class='ocrx_word' id='word_1_43' title='bbox 511 933 635 985; x_wconf 89' lang='lat' dir='ltr'><strong>iuberent</strong></span> <span class='ocrx_word' id='word_1_44' title='bbox 651 931 727 999; x_wconf 87' lang='lat' dir='ltr'><strong>sequi</strong></span> <span class='ocrx_word' id='word_1_45' title='bbox 750 949 859 985; x_wconf 84' lang='lat' dir='ltr'><strong>versam</strong></span> <span class='ocrx_word' id='word_1_46' title='bbox 878 928 937 983; x_wconf 83' lang='lat'>104.</span> <span class='ocrx_word' id='word_1_47' title='bbox 955 932 1036 984; x_wconf 86' lang='lat' dir='ltr'><strong>totius</strong></span> <span class='ocrx_word' id='word_1_48' title='bbox 1053 932 1188 1000; x_wconf 83' lang='lat' dir='ltr'><strong>prooemii</strong></span> <span class='ocrx_word' id='word_1_49' title='bbox 1213 933 1325 984; x_wconf 86' lang='lat' dir='ltr'><strong>clausu·</strong></span> 
     </span>
     <span class='ocr_line' id='line_1_7' title="bbox 294 1023 1325 1090; baseline -0.003 -12"><span class='ocrx_word' id='word_1_50' title='bbox 294 1027 367 1090; x_wconf 87' lang='lat' dir='ltr'><strong>lam,</strong></span> <span class='ocrx_word' id='word_1_51' title='bbox 391 1040 474 1090; x_wconf 83' lang='lat' dir='ltr'><strong>quum</strong></span> <span class='ocrx_word' id='word_1_52' title='bbox 500 1023 526 1075; x_wconf 92' lang='lat' dir='ltr'><strong>in</strong></span> <span class='ocrx_word' id='word_1_53' title='bbox 551 1025 640 1077; x_wconf 88' lang='lat' dir='ltr'><strong>libera</strong></span> <span class='ocrx_word' id='word_1_54' title='bbox 666 1024 778 1079; x_wconf 86' lang='lat' dir='ltr'><strong>civitate</strong></span> <span class='ocrx_word' id='word_1_55' title='bbox 803 1025 989 1077; x_wconf 78' lang='lat' dir='ltr'>declamarent</span> <span class='ocrx_word' id='word_1_56' title='bbox 1011 1026 1106 1090; x_wconf 82' lang='lat' dir='ltr'><strong>(buius</strong></span> <span class='ocrx_word' id='word_1_57' title='bbox 1127 1025 1170 1077; x_wconf 90' lang='lat' dir='ltr'><strong>rei</strong></span> <span class='ocrx_word' id='word_1_58' title='bbox 1193 1024 1325 1077; x_wconf 81' lang='lat' dir='ltr'><strong>indicium</strong></span> 
     </span>
     <span class='ocr_line' id='line_1_8' title="bbox 296 1113 1325 1186; baseline -0.003 -16"><span class='ocrx_word' id='word_1_59' title='bbox 296 1134 355 1170; x_wconf 86' lang='lat' dir='ltr'><strong>esse</strong></span> <span class='ocrx_word' id='word_1_60' title='bbox 372 1117 479 1169; x_wconf 81' lang='lat' dir='ltr'><strong>videtur</strong></span> <span class='ocrx_word' id='word_1_61' title='bbox 496 1117 642 1185; x_wconf 86' lang='lat' dir='ltr'><strong>explicatio</strong></span> <span class='ocrx_word' id='word_1_62' title='bbox 660 1115 790 1170; x_wconf 77' lang='lat' dir='ltr'><strong>vocabuli</strong></span> <span class='ocrx_word' id='word_1_63' title='bbox 806 1113 1018 1186; x_wconf 76' lang='grc' dir='ltr'><strong>προφερεστάτη</strong></span> <span class='ocrx_word' id='word_1_64' title='bbox 1036 1119 1071 1170; x_wconf 90' lang='lat' dir='ltr'><strong>ab</strong></span> <span class='ocrx_word' id='word_1_65' title='bbox 1086 1117 1246 1169; x_wconf 72' lang='lat' dir='ltr'><strong>Aristarcho</strong></span> <span class='ocrx_word' id='word_1_66' title='bbox 1260 1132 1325 1184; x_wconf 89' lang='lat' dir='ltr'><strong>pro·</strong></span> 
     </span>
     <span class='ocr_line' id='line_1_9' title="bbox 294 1205 1325 1276; baseline -0.001 -15"><span class='ocrx_word' id='word_1_67' title='bbox 294 1209 397 1276; x_wconf 84' lang='lat' dir='ltr'><strong>iectu)3</strong></span> <span class='ocrx_word' id='word_1_68' title='bbox 430 1210 516 1262; x_wconf 89' lang='lat' dir='ltr'><strong>seenti</strong></span> <span class='ocrx_word' id='word_1_69' title='bbox 539 1213 600 1260; x_wconf 88' lang='lat' dir='ltr'><strong>sunt</strong></span> <span class='ocrx_word' id='word_1_70' title='bbox 623 1209 685 1273; x_wconf 84' lang='lat' dir='ltr'><strong>alii,</strong></span> <span class='ocrx_word' id='word_1_71' title='bbox 712 1205 757 1275; x_wconf 83' lang='lat' dir='ltr'><strong>qui</strong></span> <span class='ocrx_word' id='word_1_72' title='bbox 780 1226 808 1260; x_wconf 78' lang='lat' dir='ltr'><strong>v.</strong></span> <span class='ocrx_word' id='word_1_73' title='bbox 834 1207 878 1261; x_wconf 81' lang='lat'><strong>80.</strong></span> <span class='ocrx_word' id='word_1_74' title='bbox 904 1209 1054 1261; x_wconf 80' lang='lat' dir='ltr'><strong>adiicerent</strong></span> <span class='ocrx_word' id='word_1_75' title='bbox 1077 1208 1169 1262; x_wconf 85' lang='lat' dir='ltr'><strong>versui</strong></span> <span class='ocrx_word' id='word_1_76' title='bbox 1191 1208 1235 1261; x_wconf 73' lang='grc'><strong>79.</strong></span> <span class='ocrx_word' id='word_1_77' title='bbox 1270 1207 1325 1261; x_wconf 78' lang='lat' dir='ltr'><strong>Alii</strong></span> 
     </span>
     <span class='ocr_line' id='line_1_10' title="bbox 295 1299 1324 1372; baseline -0.004 -17"><span class='ocrx_word' id='word_1_78' title='bbox 295 1306 383 1357; x_wconf 89' lang='lat' dir='ltr'><strong>totum</strong></span> <span class='ocrx_word' id='word_1_79' title='bbox 395 1304 488 1353; x_wconf 87' lang='lat' dir='ltr'><strong>locum</strong></span> <span class='ocrx_word' id='word_1_80' title='bbox 506 1318 564 1354; x_wconf 83' lang='lat' dir='ltr'><strong>nv.</strong></span> <span class='ocrx_word' id='word_1_81' title='bbox 582 1299 722 1353; x_wconf 77' lang='lat'><strong>81-103.</strong></span> <span class='ocrx_word' id='word_1_82' title='bbox 743 1300 909 1364; x_wconf 80' lang='lat' dir='ltr'><strong>adiecerunt,</strong></span> <span class='ocrx_word' id='word_1_83' title='bbox 927 1301 1016 1367; x_wconf 89' lang='lat' dir='ltr'><strong>quiin</strong></span> <span class='ocrx_word' id='word_1_84' title='bbox 1033 1301 1112 1372; x_wconf 85' lang='lat' dir='ltr'><strong>regia</strong></span> <span class='ocrx_word' id='word_1_85' title='bbox 1129 1302 1242 1354; x_wconf 80' lang='lat' dir='ltr'><strong>civitate</strong></span> <span class='ocrx_word' id='word_1_86' title='bbox 1259 1315 1324 1368; x_wconf 88' lang='lat' dir='ltr'><strong>per·</strong></span> 
     </span>
     <span class='ocr_line' id='line_1_11' title="bbox 295 1385 1324 1464; baseline -0.001 -18"><span class='ocrx_word' id='word_1_87' title='bbox 295 1395 419 1455; x_wconf 86' lang='lat' dir='ltr'><strong>orabant,</strong></span> <span class='ocrx_word' id='word_1_88' title='bbox 437 1395 476 1446; x_wconf 86' lang='lat' dir='ltr'><strong>itu</strong></span> <span class='ocrx_word' id='word_1_89' title='bbox 493 1398 594 1458; x_wconf 88' lang='lat' dir='ltr'><strong>tamen,</strong></span> <span class='ocrx_word' id='word_1_90' title='bbox 612 1398 651 1457; x_wconf 89' lang='lat' dir='ltr'><strong>at,</strong></span> <span class='ocrx_word' id='word_1_91' title='bbox 670 1392 694 1444; x_wconf 88' lang='lat' dir='ltr'><strong>si</strong></span> <span class='ocrx_word' id='word_1_92' title='bbox 712 1393 771 1459; x_wconf 87' lang='lat' dir='ltr'><strong>ipse</strong></span> <span class='ocrx_word' id='word_1_93' title='bbox 789 1408 838 1444; x_wconf 79' lang='lat' dir='ltr'><strong>rex</strong></span> <span class='ocrx_word' id='word_1_94' title='bbox 850 1389 1018 1463; x_wconf 83' lang='lat' dir='ltr'><strong>agonotheta</strong></span> <span class='ocrx_word' id='word_1_95' title='bbox 1036 1399 1114 1461; x_wconf 85' lang='lat' dir='ltr'><strong>esset,</strong></span> <span class='ocrx_word' id='word_1_96' title='bbox 1133 1390 1281 1464; x_wconf 74' lang='grc' dir='ltr'><strong><em>ἐρχόμενον</em></strong></span> <span class='ocrx_word' id='word_1_97' title='bbox 1299 1385 1324 1445; x_wconf 71' lang='grc' dir='ltr'><strong>δ’</strong></span> 
     </span>
     <span class='ocr_line' id='line_1_12' title="bbox 295 1480 1324 1554; baseline -0.002 -16"><span class='ocrx_word' id='word_1_98' title='bbox 295 1480 340 1538; x_wconf 74' lang='grc' dir='ltr'><strong>αἴν’</strong></span> <span class='ocrx_word' id='word_1_99' title='bbox 357 1482 454 1554; x_wconf 75' lang='grc' dir='ltr'>ἀγῶνα</span> <span class='ocrx_word' id='word_1_100' title='bbox 472 1490 615 1538; x_wconf 81' lang='lat' dir='ltr'><strong>mutarent.</strong></span> <span class='ocrx_word' id='word_1_101' title='bbox 649 1486 672 1538; x_wconf 77' lang='lat' dir='ltr'>A</span> <span class='ocrx_word' id='word_1_102' title='bbox 690 1485 779 1552; x_wconf 89' lang='lat' dir='ltr'><strong>primo</strong></span> <span class='ocrx_word' id='word_1_103' title='bbox 797 1486 869 1537; x_wconf 87' lang='lat' dir='ltr'><strong>enim</strong></span> <span class='ocrx_word' id='word_1_104' title='bbox 886 1485 1015 1537; x_wconf 73' lang='lat' dir='ltr'><strong>carminis</strong></span> <span class='ocrx_word' id='word_1_105' title='bbox 1039 1490 1150 1538; x_wconf 87' lang='lat' dir='ltr'><strong>auctore</strong></span> <span class='ocrx_word' id='word_1_106' title='bbox 1168 1501 1220 1537; x_wconf 90' lang='lat' dir='ltr'><strong>non</strong></span> <span class='ocrx_word' id='word_1_107' title='bbox 1237 1484 1324 1552; x_wconf 84' lang='lat' dir='ltr'><strong>potuit</strong></span> 
     </span>
     <span class='ocr_line' id='line_1_13' title="bbox 294 1575 1324 1645; baseline -0.002 -15"><span class='ocrx_word' id='word_1_108' title='bbox 294 1583 437 1645; x_wconf 89' lang='lat' dir='ltr'><strong>utrumque</strong></span> <span class='ocrx_word' id='word_1_109' title='bbox 462 1577 559 1643; x_wconf 84' lang='lat' dir='ltr'><strong>scribi,</strong></span> <span class='ocrx_word' id='word_1_110' title='bbox 583 1578 632 1629; x_wconf 85' lang='lat' dir='ltr'><strong>sed</strong></span> <span class='ocrx_word' id='word_1_111' title='bbox 656 1579 773 1629; x_wconf 89' lang='lat' dir='ltr'><strong>alterum</strong></span> <span class='ocrx_word' id='word_1_112' title='bbox 796 1581 886 1627; x_wconf 90' lang='lat' dir='ltr'><strong>utrum</strong></span> <span class='ocrx_word' id='word_1_113' title='bbox 910 1575 1013 1628; x_wconf 82' lang='lat' dir='ltr'><strong>debuit.</strong></span> <span class='ocrx_word' id='word_1_114' title='bbox 1046 1578 1134 1645; x_wconf 78' lang='lat' dir='ltr'><strong>Atque</strong></span> <span class='ocrx_word' id='word_1_115' title='bbox 1157 1582 1205 1630; x_wconf 86' lang='lat' dir='ltr'><strong>aut</strong></span> <span class='ocrx_word' id='word_1_116' title='bbox 1228 1578 1324 1629; x_wconf 83' lang='lat' dir='ltr'><strong>demu-</strong></span> 
     </span>
     <span class='ocr_line' id='line_1_14' title="bbox 294 1668 1324 1737; baseline -0.005 -13"><span class='ocrx_word' id='word_1_117' title='bbox 294 1675 382 1725; x_wconf 88' lang='lat' dir='ltr'><strong>tatum</strong></span> <span class='ocrx_word' id='word_1_118' title='bbox 400 1676 448 1723; x_wconf 89' lang='lat' dir='ltr'><strong>ant</strong></span> <span class='ocrx_word' id='word_1_119' title='bbox 466 1669 668 1737; x_wconf 86' lang='lat' dir='ltr'><strong>amplificatum</strong></span> <span class='ocrx_word' id='word_1_120' title='bbox 684 1669 768 1721; x_wconf 86' lang='lat' dir='ltr'><strong>fuisse</strong></span> <span class='ocrx_word' id='word_1_121' title='bbox 785 1670 839 1720; x_wconf 90' lang='lat' dir='ltr'><strong>hoc</strong></span> <span class='ocrx_word' id='word_1_122' title='bbox 856 1668 1027 1735; x_wconf 89' lang='lat' dir='ltr'><strong>prooemium</strong></span> <span class='ocrx_word' id='word_1_123' title='bbox 1049 1686 1066 1721; x_wconf 91' lang='lat' dir='ltr'><strong>a</strong></span> <span class='ocrx_word' id='word_1_124' title='bbox 1088 1669 1233 1737; x_wconf 86' lang='lat' dir='ltr'><strong>rhapsodis</strong></span> <span class='ocrx_word' id='word_1_125' title='bbox 1258 1685 1324 1735; x_wconf 88' lang='lat' dir='ltr'><strong>pro-</strong></span> 
     </span>
     <span class='ocr_line' id='line_1_15' title="bbox 294 1759 1324 1831; baseline -0.001 -15"><span class='ocrx_word' id='word_1_126' title='bbox 294 1764 344 1816; x_wconf 83' lang='lat' dir='ltr'><strong>bat</strong></span> <span class='ocrx_word' id='word_1_127' title='bbox 365 1763 449 1815; x_wconf 88' lang='lat' dir='ltr'><strong>etiam</strong></span> <span class='ocrx_word' id='word_1_128' title='bbox 473 1764 592 1831; x_wconf 80' lang='lat' dir='ltr'><strong>hymnus</strong></span> <span class='ocrx_word' id='word_1_129' title='bbox 617 1763 657 1814; x_wconf 90' lang='lat' dir='ltr'><strong>sic</strong></span> <span class='ocrx_word' id='word_1_130' title='bbox 682 1764 770 1815; x_wconf 86' lang='lat' dir='ltr'><strong>dietus</strong></span> <span class='ocrx_word' id='word_1_131' title='bbox 795 1760 958 1812; x_wconf 84' lang='lat' dir='ltr'><strong>Homericus</strong></span> <span class='ocrx_word' id='word_1_132' title='bbox 981 1760 1051 1813; x_wconf 77' lang='lat' dir='ltr'><strong>XlV.</strong></span> <span class='ocrx_word' id='word_1_133' title='bbox 1077 1762 1117 1822; x_wconf 78' lang='grc' dir='ltr'><strong>εἰς</strong></span> <span class='ocrx_word' id='word_1_134' title='bbox 1134 1759 1255 1822; x_wconf 74' lang='grc' dir='ltr'>Μούσας</span> <span class='ocrx_word' id='word_1_135' title='bbox 1275 1760 1324 1815; x_wconf 72' lang='grc' dir='ltr'><strong>καὶ</strong></span> 
     </span>
     <span class='ocr_line' id='line_1_16' title="bbox 295 1850 1325 1922; baseline 0.001 -17"><span class='ocrx_word' id='word_1_136' title='bbox 295 1850 460 1907; x_wconf 72' lang='grc' dir='ltr'><strong>Ἀπόλλωνα.</strong></span> <span class='ocrx_word' id='word_1_137' title='bbox 494 1854 597 1907; x_wconf 84' lang='lat' dir='ltr'><strong>Eiectis</strong></span> <span class='ocrx_word' id='word_1_138' title='bbox 613 1856 659 1907; x_wconf 88' lang='lat' dir='ltr'><strong>his</strong></span> <span class='ocrx_word' id='word_1_139' title='bbox 676 1851 930 1922; x_wconf 73' lang='lat' dir='ltr'><strong>interpolationibus</strong></span> <span class='ocrx_word' id='word_1_140' title='bbox 947 1855 1033 1904; x_wconf 89' lang='lat' dir='ltr'><strong>totum</strong></span> <span class='ocrx_word' id='word_1_141' title='bbox 1051 1853 1222 1921; x_wconf 84' lang='lat' dir='ltr'><strong>prooemium</strong></span> <span class='ocrx_word' id='word_1_142' title='bbox 1239 1853 1325 1921; x_wconf 87' lang='lat' dir='ltr'><strong>aptis-</strong></span> 
     </span>
     <span class='ocr_line' id='line_1_17' title="bbox 294 1944 1324 2012; baseline 0.002 -15"><span class='ocrx_word' id='word_1_143' title='bbox 294 1945 362 1997; x_wconf 91' lang='lat' dir='ltr'><strong>sime</strong></span> <span class='ocrx_word' id='word_1_144' title='bbox 387 1947 460 1997; x_wconf 87' lang='lat' dir='ltr'><strong>inter</strong></span> <span class='ocrx_word' id='word_1_145' title='bbox 483 1962 512 1996; x_wconf 89' lang='lat' dir='ltr'><strong>se</strong></span> <span class='ocrx_word' id='word_1_146' title='bbox 535 1947 673 1998; x_wconf 84' lang='lat' dir='ltr'><strong>cohaeret.</strong></span> <span class='ocrx_word' id='word_1_147' title='bbox 709 1946 743 1998; x_wconf 91' lang='lat'><strong>0.</strong></span> <span class='ocrx_word' id='word_1_148' title='bbox 762 1961 829 1996; x_wconf 83' lang='lat' dir='ltr'><strong>vero</strong></span> <span class='ocrx_word' id='word_1_149' title='bbox 847 1944 1028 1996; x_wconf 87' lang='lat' dir='ltr'><strong>Muelleri</strong></span> <span class='ocrx_word' id='word_1_150' title='bbox 1045 1945 1176 1998; x_wconf 89' lang='lat' dir='ltr'><strong>sententia</strong></span> <span class='ocrx_word' id='word_1_151' title='bbox 1194 1946 1324 2012; x_wconf 80' lang='lat' dir='ltr'><strong>(Ephem.</strong></span> 
     </span>
     <span class='ocr_line' id='line_1_18' title="bbox 295 2024 1324 2106; baseline -0.001 -16"><span class='ocrx_word' id='word_1_152' title='bbox 295 2037 416 2106; x_wconf 78' lang='lat' dir='ltr'><strong>Gotting.</strong></span> <span class='ocrx_word' id='word_1_153' title='bbox 434 2034 512 2089; x_wconf 75' lang='lat'>1834.</span> <span class='ocrx_word' id='word_1_154' title='bbox 530 2055 558 2104; x_wconf 92' lang='lat' dir='ltr'><strong>p.</strong></span> <span class='ocrx_word' id='word_1_155' title='bbox 576 2036 683 2102; x_wconf 72' lang='lat' dir='ltr'><strong>lasa),</strong></span> <span class='ocrx_word' id='word_1_156' title='bbox 707 2054 769 2104; x_wconf 68' lang='lat' dir='ltr'><strong>quar</strong></span> <span class='ocrx_word' id='word_1_157' title='bbox 786 2024 882 2089; x_wconf 85' lang='lat' dir='ltr'><strong>versus</strong></span> <span class='ocrx_word' id='word_1_158' title='bbox 906 2037 1040 2104; x_wconf 81' lang='lat' dir='ltr'><strong>prooemii</strong></span> <span class='ocrx_word' id='word_1_159' title='bbox 1061 2036 1188 2089; x_wconf 74' lang='lat' dir='ltr'><strong>tlt-tt.</strong></span> <span class='ocrx_word' id='word_1_160' title='bbox 1212 2043 1242 2089; x_wconf 87' lang='lat' dir='ltr'><strong>ut</strong></span> <span class='ocrx_word' id='word_1_161' title='bbox 1258 2038 1324 2106; x_wconf 81' lang='lat' dir='ltr'><strong>hy-</strong></span> 
     </span>
     <span class='ocr_line' id='line_1_19' title="bbox 294 2127 1325 2199; baseline -0.002 -17"><span class='ocrx_word' id='word_1_162' title='bbox 294 2144 407 2182; x_wconf 89' lang='lat' dir='ltr'><strong>mnum</strong></span> <span class='ocrx_word' id='word_1_163' title='bbox 423 2129 452 2180; x_wconf 92' lang='lat' dir='ltr'><strong>iu</strong></span> <span class='ocrx_word' id='word_1_164' title='bbox 468 2129 601 2196; x_wconf 84' lang='lat' dir='ltr'><strong>Musas,</strong></span> <span class='ocrx_word' id='word_1_165' title='bbox 618 2147 714 2182; x_wconf 81' lang='lat' dir='ltr'><strong>versus</strong></span> <span class='ocrx_word' id='word_1_166' title='bbox 729 2127 876 2183; x_wconf 70' lang='lat'><strong>75-103.</strong></span> <span class='ocrx_word' id='word_1_167' title='bbox 888 2134 919 2181; x_wconf 91' lang='lat' dir='ltr'><strong>ut</strong></span> <span class='ocrx_word' id='word_1_168' title='bbox 935 2129 1171 2199; x_wconf 76' lang='lat' dir='ltr'><strong>Theogonise</strong></span> <span class='ocrx_word' id='word_1_169' title='bbox 1188 2132 1235 2181; x_wconf 79' lang='lat' dir='ltr'><strong>vel</strong></span> <span class='ocrx_word' id='word_1_170' title='bbox 1252 2129 1325 2181; x_wconf 89' lang='lat' dir='ltr'><strong>alius</strong></span> 
     </span>
     <span class='ocr_line' id='line_1_20' title="bbox 294 2220 1324 2287; baseline -0.005 -11"><span class='ocrx_word' id='word_1_171' title='bbox 294 2223 437 2276; x_wconf 86' lang='lat' dir='ltr'><strong>cuiusdam</strong></span> <span class='ocrx_word' id='word_1_172' title='bbox 453 2221 579 2274; x_wconf 86' lang='lat' dir='ltr'><strong>Hesiodii</strong></span> <span class='ocrx_word' id='word_1_173' title='bbox 597 2222 725 2274; x_wconf 78' lang='lat' dir='ltr'><strong>carminis</strong></span> <span class='ocrx_word' id='word_1_174' title='bbox 742 2222 941 2273; x_wconf 85' lang='lat' dir='ltr'><strong>clausulam</strong></span> <span class='ocrx_word' id='word_1_175' title='bbox 960 2237 978 2273; x_wconf 92' lang='lat' dir='ltr'><strong>a</strong></span> <span class='ocrx_word' id='word_1_176' title='bbox 995 2222 1093 2274; x_wconf 89' lang='lat' dir='ltr'><strong>ceteris</strong></span> <span class='ocrx_word' id='word_1_177' title='bbox 1109 2220 1242 2287; x_wconf 88' lang='lat' dir='ltr'><strong>prooemii</strong></span> <span class='ocrx_word' id='word_1_178' title='bbox 1258 2237 1324 2287; x_wconf 89' lang='lat' dir='ltr'><strong>par·</strong></span> 
     </span>
    </p>
   </div>
   <div class='ocr_carea' id='block_1_3' title="bbox 191 2309 1323 2392">
    <p class='ocr_par' dir='ltr' id='par_1_3' title="bbox 191 2309 1323 2392">
     <span class='ocr_line' id='line_1_21' title="bbox 191 2309 1323 2392; baseline -0.004 -24"><span class='ocrx_word' id='word_1_179' title='bbox 191 2380 198 2392; x_wconf 40' lang='grc' dir='ltr'><em>Ι</em></span> <span class='ocrx_word' id='word_1_180' title='bbox 294 2314 367 2368; x_wconf 86' lang='lat' dir='ltr'><strong>tibus</strong></span> <span class='ocrx_word' id='word_1_181' title='bbox 378 2315 545 2381; x_wconf 83' lang='lat' dir='ltr'><strong>separandos</strong></span> <span class='ocrx_word' id='word_1_182' title='bbox 559 2330 619 2365; x_wconf 86' lang='lat' dir='ltr'><strong>esse</strong></span> <span class='ocrx_word' id='word_1_183' title='bbox 630 2313 716 2376; x_wconf 86' lang='lat' dir='ltr'><strong>iubet,</strong></span> <span class='ocrx_word' id='word_1_184' title='bbox 728 2317 758 2364; x_wconf 85' lang='lat' dir='ltr'><strong>ut</strong></span> <span class='ocrx_word' id='word_1_185' title='bbox 770 2312 892 2379; x_wconf 83' lang='lat' dir='ltr'><strong>reliquae</strong></span> <span class='ocrx_word' id='word_1_186' title='bbox 905 2317 997 2379; x_wconf 89' lang='lat' dir='ltr'><strong>partes</strong></span> <span class='ocrx_word' id='word_1_187' title='bbox 1010 2313 1051 2379; x_wconf 79' lang='lat' dir='ltr'><strong>(r.</strong></span> <span class='ocrx_word' id='word_1_188' title='bbox 1069 2313 1128 2363; x_wconf 94' lang='lat'><strong>1-</strong></span> <span class='ocrx_word' id='word_1_189' title='bbox 1136 2311 1180 2365; x_wconf 74' lang='lat'><strong>35.</strong></span> <span class='ocrx_word' id='word_1_190' title='bbox 1197 2309 1323 2364; x_wconf 70' lang='grc'><strong>68-14.</strong></span> 
     </span>
    </p>
   </div>
   <div class='ocr_carea' id='block_1_4' title="bbox 270 2403 1337 4314">
    <p class='ocr_par' dir='ltr' id='par_1_4' title="bbox 292 2403 1326 2751">
     <span class='ocr_line' id='line_1_22' title="bbox 293 2403 1324 2473; baseline 0.001 -16"><span class='ocrx_word' id='word_1_191' title='bbox 293 2403 472 2470; x_wconf 74' lang='lat' dir='ltr'><strong>lul-115.)</strong></span> <span class='ocrx_word' id='word_1_192' title='bbox 490 2405 600 2473; x_wconf 84' lang='lat' dir='ltr'><strong>antiquo</strong></span> <span class='ocrx_word' id='word_1_193' title='bbox 617 2422 668 2456; x_wconf 95' lang='lat' dir='ltr'><strong>suo</strong></span> <span class='ocrx_word' id='word_1_194' title='bbox 685 2404 767 2457; x_wconf 90' lang='lat' dir='ltr'><strong>nitori</strong></span> <span class='ocrx_word' id='word_1_195' title='bbox 783 2405 976 2472; x_wconf 85' lang='lat' dir='ltr'><strong>restituantur,</strong></span> <span class='ocrx_word' id='word_1_196' title='bbox 993 2422 1043 2456; x_wconf 91' lang='lat' dir='ltr'><strong>uec</strong></span> <span class='ocrx_word' id='word_1_197' title='bbox 1061 2422 1110 2472; x_wconf 93' lang='lat' dir='ltr'><strong>per</strong></span> <span class='ocrx_word' id='word_1_198' title='bbox 1127 2420 1157 2456; x_wconf 87' lang='lat' dir='ltr'><strong>se</strong></span> <span class='ocrx_word' id='word_1_199' title='bbox 1175 2405 1241 2457; x_wconf 93' lang='lat' dir='ltr'><strong>satis</strong></span> <span class='ocrx_word' id='word_1_200' title='bbox 1258 2421 1324 2472; x_wconf 88' lang='lat' dir='ltr'><strong>pru·</strong></span> 
     </span>
     <span class='ocr_line' id='line_1_23' title="bbox 292 2496 1326 2568; baseline 0 -18"><span class='ocrx_word' id='word_1_201' title='bbox 292 2498 394 2551; x_wconf 91' lang='lat' dir='ltr'><strong>babilis</strong></span> <span class='ocrx_word' id='word_1_202' title='bbox 419 2503 461 2551; x_wconf 88' lang='lat' dir='ltr'><strong>est</strong></span> <span class='ocrx_word' id='word_1_203' title='bbox 489 2516 540 2551; x_wconf 88' lang='lat' dir='ltr'><strong>nec</strong></span> <span class='ocrx_word' id='word_1_204' title='bbox 564 2514 678 2550; x_wconf 85' lang='lat' dir='ltr'><strong>causam</strong></span> <span class='ocrx_word' id='word_1_205' title='bbox 702 2497 840 2565; x_wconf 84' lang='lat' dir='ltr'><strong>explicare</strong></span> <span class='ocrx_word' id='word_1_206' title='bbox 863 2496 981 2560; x_wconf 81' lang='lat' dir='ltr'><strong>idonea,</strong></span> <span class='ocrx_word' id='word_1_207' title='bbox 1008 2514 1057 2547; x_wconf 87' lang='lat' dir='ltr'><strong>ear</strong></span> <span class='ocrx_word' id='word_1_208' title='bbox 1081 2497 1152 2549; x_wconf 88' lang='lat' dir='ltr'><strong>haec</strong></span> <span class='ocrx_word' id='word_1_209' title='bbox 1169 2497 1326 2568; x_wconf 81' lang='lat' dir='ltr'><strong>fragmenta</strong></span> 
     </span>
     <span class='ocr_line' id='line_1_24' title="bbox 294 2588 1326 2661; baseline 0 -18"><span class='ocrx_word' id='word_1_210' title='bbox 294 2594 424 2657; x_wconf 64' lang='lat' dir='ltr'><strong>nuquam</strong></span> <span class='ocrx_word' id='word_1_211' title='bbox 448 2594 531 2642; x_wconf 80' lang='lat' dir='ltr'><strong>vento</strong></span> <span class='ocrx_word' id='word_1_212' title='bbox 556 2591 612 2641; x_wconf 88' lang='lat' dir='ltr'><strong>huc</strong></span> <span class='ocrx_word' id='word_1_213' title='bbox 628 2590 732 2642; x_wconf 88' lang='lat' dir='ltr'><strong>reiecta</strong></span> <span class='ocrx_word' id='word_1_214' title='bbox 749 2590 812 2642; x_wconf 90' lang='lat' dir='ltr'><strong>sint.</strong></span> <span class='ocrx_word' id='word_1_215' title='bbox 846 2591 888 2641; x_wconf 89' lang='lat' dir='ltr'><strong>De</strong></span> <span class='ocrx_word' id='word_1_216' title='bbox 905 2588 1095 2661; x_wconf 73' lang='lat' dir='ltr'><strong>Klausqnii</strong></span> <span class='ocrx_word' id='word_1_217' title='bbox 1113 2589 1240 2656; x_wconf 90' lang='lat' dir='ltr'><strong>opinions</strong></span> <span class='ocrx_word' id='word_1_218' title='bbox 1257 2589 1326 2643; x_wconf 76' lang='lat' dir='ltr'><strong>(lixit</strong></span> 
     </span>
     <span class='ocr_line' id='line_1_25' title="bbox 294 2680 750 2751; baseline -0.002 -16"><span class='ocrx_word' id='word_1_219' title='bbox 294 2681 479 2749; x_wconf 78' lang='lat' dir='ltr'><strong>Gruppius</strong></span> <span class='ocrx_word' id='word_1_220' title='bbox 497 2682 532 2734; x_wconf 80' lang='lat' dir='ltr'><strong>(le</strong></span> <span class='ocrx_word' id='word_1_221' title='bbox 550 2683 645 2751; x_wconf 78' lang='lat' dir='ltr'><strong>theog.</strong></span> <span class='ocrx_word' id='word_1_222' title='bbox 663 2700 691 2749; x_wconf 89' lang='lat' dir='ltr'><strong>p.</strong></span> <span class='ocrx_word' id='word_1_223' title='bbox 707 2680 750 2734; x_wconf 77' lang='lat'><strong>28.</strong></span> 
     </span>
    </p>

    <p class='ocr_par' dir='ltr' id='par_1_5' title="bbox 270 2760 1337 3946">
     <span class='ocr_line' id='line_1_26' title="bbox 314 2760 1325 2842; baseline 0.003 -17"><span class='ocrx_word' id='word_1_224' title='bbox 314 2760 329 2772; x_wconf 56' lang='grc'><strong><em>”</em></strong></span> <span class='ocrx_word' id='word_1_225' title='bbox 361 2774 423 2840; x_wconf 91' lang='lat' dir='ltr'><strong>lpse</strong></span> <span class='ocrx_word' id='word_1_226' title='bbox 441 2789 507 2826; x_wconf 86' lang='lat' dir='ltr'><strong>vero</strong></span> <span class='ocrx_word' id='word_1_227' title='bbox 532 2774 723 2842; x_wconf 85' lang='lat' dir='ltr'><strong>Gruppius</strong></span> <span class='ocrx_word' id='word_1_228' title='bbox 748 2774 777 2826; x_wconf 90' lang='lat' dir='ltr'><strong>in</strong></span> <span class='ocrx_word' id='word_1_229' title='bbox 800 2774 853 2824; x_wconf 87' lang='lat' dir='ltr'><strong>hoc</strong></span> <span class='ocrx_word' id='word_1_230' title='bbox 869 2772 942 2824; x_wconf 89' lang='lat' dir='ltr'><strong>libro</strong></span> <span class='ocrx_word' id='word_1_231' title='bbox 959 2785 1060 2824; x_wconf 84' lang='lat' dir='ltr'><strong>novam</strong></span> <span class='ocrx_word' id='word_1_232' title='bbox 1077 2772 1112 2825; x_wconf 83' lang='lat' dir='ltr'><strong>(le</strong></span> <span class='ocrx_word' id='word_1_233' title='bbox 1138 2772 1325 2840; x_wconf 83' lang='lat' dir='ltr'><strong>antiquissima</strong></span> 
     </span>
     <span class='ocr_line' id='line_1_27' title="bbox 293 2863 1324 2933; baseline 0.002 -16"><span class='ocrx_word' id='word_1_234' title='bbox 293 2863 384 2917; x_wconf 74' lang='lat' dir='ltr'><strong>torma</strong></span> <span class='ocrx_word' id='word_1_235' title='bbox 402 2865 484 2918; x_wconf 89' lang='lat' dir='ltr'><strong>totius</strong></span> <span class='ocrx_word' id='word_1_236' title='bbox 500 2865 682 2933; x_wconf 77' lang='lat' dir='ltr'><strong>Theogoniae</strong></span> <span class='ocrx_word' id='word_1_237' title='bbox 699 2864 860 2917; x_wconf 87' lang='lat' dir='ltr'><strong>senteutiam</strong></span> <span class='ocrx_word' id='word_1_238' title='bbox 879 2863 1003 2930; x_wconf 86' lang='lat' dir='ltr'><strong>aperuit,</strong></span> <span class='ocrx_word' id='word_1_239' title='bbox 1028 2864 1147 2931; x_wconf 88' lang='lat' dir='ltr'><strong>strophis</strong></span> <span class='ocrx_word' id='word_1_240' title='bbox 1171 2882 1234 2918; x_wconf 89' lang='lat' dir='ltr'><strong>eam</strong></span> <span class='ocrx_word' id='word_1_241' title='bbox 1259 2883 1324 2919; x_wconf 90' lang='lat' dir='ltr'><strong>con-</strong></span> 
     </span>
     <span class='ocr_line' id='line_1_28' title="bbox 293 2954 1325 3025; baseline 0.004 -18"><span class='ocrx_word' id='word_1_242' title='bbox 293 2956 393 3008; x_wconf 84' lang='lat' dir='ltr'><strong>stitisse</strong></span> <span class='ocrx_word' id='word_1_243' title='bbox 410 2963 525 3025; x_wconf 81' lang='lat' dir='ltr'><strong>petens,</strong></span> <span class='ocrx_word' id='word_1_244' title='bbox 542 2962 633 3008; x_wconf 87' lang='lat' dir='ltr'><strong>ternos</strong></span> <span class='ocrx_word' id='word_1_245' title='bbox 661 2974 757 3009; x_wconf 86' lang='lat' dir='ltr'><strong>versus</strong></span> <span class='ocrx_word' id='word_1_246' title='bbox 774 2954 1031 3024; x_wconf 85' lang='lat' dir='ltr'><strong>complectentibus,</strong></span> <span class='ocrx_word' id='word_1_247' title='bbox 1053 2958 1206 3024; x_wconf 82' lang='lat' dir='ltr'><strong>rhapsodos</strong></span> <span class='ocrx_word' id='word_1_248' title='bbox 1226 2957 1325 3011; x_wconf 75' lang='lat' dir='ltr'><strong>deiude</strong></span> 
     </span>
     <span class='ocr_line' id='line_1_29' title="bbox 295 3047 1325 3117; baseline 0.003 -17"><span class='ocrx_word' id='word_1_249' title='bbox 295 3048 453 3101; x_wconf 83' lang='lat' dir='ltr'><strong>sternariis</strong></span> <span class='ocrx_word' id='word_1_250' title='bbox 477 3049 629 3116; x_wconf 80' lang='lat' dir='ltr'><strong>quibusque</strong></span> <span class='ocrx_word' id='word_1_251' title='bbox 651 3049 770 3117; x_wconf 90' lang='lat' dir='ltr'><strong>strophis</strong></span> <span class='ocrx_word' id='word_1_252' title='bbox 793 3048 914 3116; x_wconf 90' lang='lat' dir='ltr'><strong>primam</strong></span> <span class='ocrx_word' id='word_1_253' title='bbox 937 3047 1036 3098; x_wconf 83' lang='lat' dir='ltr'><strong>iecisse</strong></span> <span class='ocrx_word' id='word_1_254' title='bbox 1058 3048 1204 3114; x_wconf 87' lang='lat' dir='ltr'><strong>quinarias,</strong></span> <span class='ocrx_word' id='word_1_255' title='bbox 1228 3055 1325 3116; x_wconf 86' lang='lat' dir='ltr'><strong>postea</strong></span> 
     </span>
     <span class='ocr_line' id='line_1_30' title="bbox 270 3138 1325 3207; baseline 0.002 -16"><span class='ocrx_word' id='word_1_256' title='bbox 270 3138 430 3205; x_wconf 70' lang='lat' dir='ltr'><strong>v‹lenes-ias,</strong></span> <span class='ocrx_word' id='word_1_257' title='bbox 454 3142 563 3192; x_wconf 81' lang='lat' dir='ltr'><strong>tandem</strong></span> <span class='ocrx_word' id='word_1_258' title='bbox 586 3140 694 3192; x_wconf 85' lang='lat' dir='ltr'><strong>venisse</strong></span> <span class='ocrx_word' id='word_1_259' title='bbox 718 3140 801 3204; x_wconf 86' lang='lat' dir='ltr'><strong>alios,</strong></span> <span class='ocrx_word' id='word_1_260' title='bbox 827 3140 874 3207; x_wconf 88' lang='lat' dir='ltr'><strong>qui</strong></span> <span class='ocrx_word' id='word_1_261' title='bbox 897 3144 985 3193; x_wconf 89' lang='lat' dir='ltr'><strong>totum</strong></span> <span class='ocrx_word' id='word_1_262' title='bbox 1002 3141 1177 3206; x_wconf 87' lang='lat' dir='ltr'><strong>stropharum</strong></span> <span class='ocrx_word' id='word_1_263' title='bbox 1203 3141 1325 3193; x_wconf 84' lang='lat' dir='ltr'><strong>ordinem</strong></span> 
     </span>
     <span class='ocr_line' id='line_1_31' title="bbox 294 3231 1324 3299; baseline 0.002 -17"><span class='ocrx_word' id='word_1_264' title='bbox 294 3232 494 3284; x_wconf 85' lang='lat' dir='ltr'><strong>conturbarent.</strong></span> <span class='ocrx_word' id='word_1_265' title='bbox 528 3232 616 3299; x_wconf 79' lang='lat' dir='ltr'><strong>Atque</strong></span> <span class='ocrx_word' id='word_1_266' title='bbox 634 3233 674 3284; x_wconf 89' lang='lat' dir='ltr'><strong>sic</strong></span> <span class='ocrx_word' id='word_1_267' title='bbox 697 3234 784 3285; x_wconf 87' lang='lat' dir='ltr'><strong>multa</strong></span> <span class='ocrx_word' id='word_1_268' title='bbox 801 3247 929 3284; x_wconf 87' lang='lat' dir='ltr'><strong>resecans</strong></span> <span class='ocrx_word' id='word_1_269' title='bbox 946 3236 1113 3299; x_wconf 82' lang='lat' dir='ltr'><strong>tentumque,</strong></span> <span class='ocrx_word' id='word_1_270' title='bbox 1129 3238 1160 3284; x_wconf 91' lang='lat' dir='ltr'><strong>ut</strong></span> <span class='ocrx_word' id='word_1_271' title='bbox 1176 3233 1229 3285; x_wconf 92' lang='lat' dir='ltr'><strong>sibi</strong></span> <span class='ocrx_word' id='word_1_272' title='bbox 1245 3231 1324 3285; x_wconf 79' lang='lat' dir='ltr'><strong>vide·</strong></span> 
     </span>
     <span class='ocr_line' id='line_1_32' title="bbox 292 3320 1325 3395; baseline 0 -19"><span class='ocrx_word' id='word_1_273' title='bbox 292 3329 346 3389; x_wconf 88' lang='lat' dir='ltr'><strong>tur,</strong></span> <span class='ocrx_word' id='word_1_274' title='bbox 363 3323 525 3392; x_wconf 75' lang='lat' dir='ltr'><strong>originalem</strong></span> <span class='ocrx_word' id='word_1_275' title='bbox 542 3341 707 3392; x_wconf 90' lang='lat' dir='ltr'><strong>recuperans</strong></span> <span class='ocrx_word' id='word_1_276' title='bbox 719 3325 912 3395; x_wconf 84' lang='lat' dir='ltr'><strong>Theogoniam</strong></span> <span class='ocrx_word' id='word_1_277' title='bbox 924 3325 963 3376; x_wconf 89' lang='lat' dir='ltr'><strong>ita</strong></span> <span class='ocrx_word' id='word_1_278' title='bbox 977 3320 1134 3392; x_wconf 79' lang='lat' dir='ltr'><strong>coaretavit,</strong></span> <span class='ocrx_word' id='word_1_279' title='bbox 1151 3325 1198 3377; x_wconf 77' lang='lat' dir='ltr'><strong>rix</strong></span> <span class='ocrx_word' id='word_1_280' title='bbox 1210 3329 1241 3376; x_wconf 91' lang='lat' dir='ltr'><strong>ut</strong></span> <span class='ocrx_word' id='word_1_281' title='bbox 1256 3340 1325 3391; x_wconf 88' lang='lat' dir='ltr'><strong>opus</strong></span> 
     </span>
     <span class='ocr_line' id='line_1_33' title="bbox 294 3413 1337 3483; baseline 0.002 -16"><span class='ocrx_word' id='word_1_282' title='bbox 294 3430 354 3467; x_wconf 85' lang='lat' dir='ltr'><strong>esse</strong></span> <span class='ocrx_word' id='word_1_283' title='bbox 372 3413 507 3479; x_wconf 80' lang='lat' dir='ltr'><strong>videatur,</strong></span> <span class='ocrx_word' id='word_1_284' title='bbox 533 3420 564 3466; x_wconf 88' lang='lat' dir='ltr'><strong>ut</strong></span> <span class='ocrx_word' id='word_1_285' title='bbox 580 3420 637 3467; x_wconf 90' lang='lat' dir='ltr'><strong>tam</strong></span> <span class='ocrx_word' id='word_1_286' title='bbox 659 3416 765 3468; x_wconf 84' lang='lat' dir='ltr'><strong>modico</strong></span> <span class='ocrx_word' id='word_1_287' title='bbox 789 3415 902 3468; x_wconf 82' lang='lat' dir='ltr'><strong>carmini</strong></span> <span class='ocrx_word' id='word_1_288' title='bbox 926 3414 1096 3481; x_wconf 84' lang='lat' dir='ltr'><strong>prooemium</strong></span> <span class='ocrx_word' id='word_1_289' title='bbox 1123 3422 1238 3483; x_wconf 85' lang='lat' dir='ltr'><strong>quatuor</strong></span> <span class='ocrx_word' id='word_1_290' title='bbox 1255 3418 1337 3469; x_wconf 80' lang='lat' dir='ltr'><strong>stro-&#39;</strong></span> 
     </span>
     <span class='ocr_line' id='line_1_34' title="bbox 293 3506 1325 3575; baseline 0.005 -19"><span class='ocrx_word' id='word_1_291' title='bbox 293 3507 413 3573; x_wconf 86' lang='lat' dir='ltr'><strong>pharum</strong></span> <span class='ocrx_word' id='word_1_292' title='bbox 437 3506 666 3572; x_wconf 80' lang='lat' dir='ltr'><strong>praemitteretur.</strong></span> <span class='ocrx_word' id='word_1_293' title='bbox 700 3506 820 3572; x_wconf 76' lang='lat' dir='ltr'><strong>Accedit,</strong></span> <span class='ocrx_word' id='word_1_294' title='bbox 844 3508 917 3575; x_wconf 81' lang='lat' dir='ltr'><strong>quod</strong></span> <span class='ocrx_word' id='word_1_295' title='bbox 939 3524 990 3558; x_wconf 89' lang='lat' dir='ltr'><strong>nee</strong></span> <span class='ocrx_word' id='word_1_296' title='bbox 1007 3507 1142 3559; x_wconf 85' lang='lat' dir='ltr'><strong>ternarius</strong></span> <span class='ocrx_word' id='word_1_297' title='bbox 1159 3525 1209 3559; x_wconf 89' lang='lat' dir='ltr'><strong>nec</strong></span> <span class='ocrx_word' id='word_1_298' title='bbox 1226 3508 1325 3575; x_wconf 85' lang='lat' dir='ltr'><strong>quina·</strong></span> 
     </span>
     <span class='ocr_line' id='line_1_35' title="bbox 292 3597 1323 3669; baseline 0.003 -20"><span class='ocrx_word' id='word_1_299' title='bbox 292 3597 350 3649; x_wconf 88' lang='lat' dir='ltr'><strong>rius</strong></span> <span class='ocrx_word' id='word_1_300' title='bbox 363 3614 490 3669; x_wconf 79' lang='lat' dir='ltr'><strong>numeras</strong></span> <span class='ocrx_word' id='word_1_301' title='bbox 504 3600 651 3651; x_wconf 86' lang='lat' dir='ltr'><strong>seeundum</strong></span> <span class='ocrx_word' id='word_1_302' title='bbox 665 3599 833 3651; x_wconf 88' lang='lat' dir='ltr'><strong>Graecorum</strong></span> <span class='ocrx_word' id='word_1_303' title='bbox 853 3604 934 3666; x_wconf 87' lang='lat' dir='ltr'><strong>atque</strong></span> <span class='ocrx_word' id='word_1_304' title='bbox 946 3602 1015 3652; x_wconf 81' lang='lat' dir='ltr'><strong>adeo</strong></span> <span class='ocrx_word' id='word_1_305' title='bbox 1028 3600 1112 3667; x_wconf 90' lang='lat' dir='ltr'><strong>ipsius</strong></span> <span class='ocrx_word' id='word_1_306' title='bbox 1126 3598 1240 3652; x_wconf 73' lang='lat' dir='ltr'><strong>Hesiodi</strong></span> <span class='ocrx_word' id='word_1_307' title='bbox 1259 3617 1323 3652; x_wconf 86' lang='lat' dir='ltr'><strong>sen·</strong></span> 
     </span>
     <span class='ocr_line' id='line_1_36' title="bbox 295 3680 1325 3756; baseline 0.001 -15"><span class='ocrx_word' id='word_1_308' title='bbox 295 3690 409 3742; x_wconf 89' lang='lat' dir='ltr'><strong>tentiam</strong></span> <span class='ocrx_word' id='word_1_309' title='bbox 426 3680 504 3743; x_wconf 79' lang='lat' dir='ltr'><strong>sacer</strong></span> <span class='ocrx_word' id='word_1_310' title='bbox 523 3697 590 3756; x_wconf 85' lang='lat' dir='ltr'><strong>erut,</strong></span> <span class='ocrx_word' id='word_1_311' title='bbox 608 3691 636 3742; x_wconf 85' lang='lat' dir='ltr'><strong>id</strong></span> <span class='ocrx_word' id='word_1_312' title='bbox 653 3695 744 3742; x_wconf 89' lang='lat' dir='ltr'><strong>autem</strong></span> <span class='ocrx_word' id='word_1_313' title='bbox 756 3691 813 3742; x_wconf 90' lang='lat' dir='ltr'><strong>sine</strong></span> <span class='ocrx_word' id='word_1_314' title='bbox 831 3691 913 3742; x_wconf 86' lang='lat' dir='ltr'><strong>slubio</strong></span> <span class='ocrx_word' id='word_1_315' title='bbox 932 3692 1115 3743; x_wconf 85' lang='lat' dir='ltr'><strong>necessarium</strong></span> <span class='ocrx_word' id='word_1_316' title='bbox 1133 3696 1193 3742; x_wconf 87' lang='lat' dir='ltr'><strong>erat</strong></span> <span class='ocrx_word' id='word_1_317' title='bbox 1212 3691 1325 3742; x_wconf 83' lang='lat' dir='ltr'><strong>demon-</strong></span> 
     </span>
     <span class='ocr_line' id='line_1_37' title="bbox 291 3780 1325 3851; baseline 0.004 -19"><span class='ocrx_word' id='word_1_318' title='bbox 291 3785 387 3847; x_wconf 81' lang='lat' dir='ltr'><strong>strare,</strong></span> <span class='ocrx_word' id='word_1_319' title='bbox 399 3781 421 3834; x_wconf 87' lang='lat' dir='ltr'><strong>si</strong></span> <span class='ocrx_word' id='word_1_320' title='bbox 430 3782 504 3835; x_wconf 87' lang='lat' dir='ltr'><strong>hanc</strong></span> <span class='ocrx_word' id='word_1_321' title='bbox 514 3799 573 3834; x_wconf 85' lang='lat' dir='ltr'><strong>esse</strong></span> <span class='ocrx_word' id='word_1_322' title='bbox 581 3796 677 3833; x_wconf 87' lang='lat' dir='ltr'><strong>sacrae</strong></span> <span class='ocrx_word' id='word_1_323' title='bbox 691 3780 796 3846; x_wconf 86' lang='lat' dir='ltr'><strong>poesios</strong></span> <span class='ocrx_word' id='word_1_324' title='bbox 804 3781 980 3848; x_wconf 85' lang='lat' dir='ltr'><strong>Graecorum,</strong></span> <span class='ocrx_word' id='word_1_325' title='bbox 996 3786 1104 3850; x_wconf 83' lang='lat' dir='ltr'><strong>qualem</strong></span> <span class='ocrx_word' id='word_1_326' title='bbox 1115 3782 1254 3851; x_wconf 86' lang='lat' dir='ltr'><strong>Gruppius</strong></span> <span class='ocrx_word' id='word_1_327' title='bbox 1267 3788 1325 3836; x_wconf 88' lang='lat' dir='ltr'><strong>sta·</strong></span> 
     </span>
     <span class='ocr_line' id='line_1_38' title="bbox 291 3871 1322 3946; baseline 0.004 -22"><span class='ocrx_word' id='word_1_328' title='bbox 291 3872 351 3937; x_wconf 89' lang='lat' dir='ltr'><strong>tuit,</strong></span> <span class='ocrx_word' id='word_1_329' title='bbox 359 3873 493 3927; x_wconf 85' lang='lat' dir='ltr'><strong>rationem</strong></span> <span class='ocrx_word' id='word_1_330' title='bbox 501 3874 665 3942; x_wconf 79' lang='lat' dir='ltr'><strong>persuadere</strong></span> <span class='ocrx_word' id='word_1_331' title='bbox 673 3871 825 3941; x_wconf 84' lang='lat' dir='ltr'><strong>legentibus</strong></span> <span class='ocrx_word' id='word_1_332' title='bbox 834 3871 1322 3946; x_wconf 71' lang='lat' dir='ltr'><strong>velletlteenimHesiod.”Epy.8⁰2:</strong></span> 
     </span>
    </p>

    <p class='ocr_par' dir='ltr' id='par_1_6' title="bbox 294 3961 1325 4219">
     <span class='ocr_line' id='line_1_39' title="bbox 395 3961 1250 4034; baseline 0.002 -15"><span class='ocrx_word' id='word_1_333' title='bbox 395 3965 524 4034; x_wconf 71' lang='grc' dir='ltr'><strong>πέμπτας</strong></span> <span class='ocrx_word' id='word_1_334' title='bbox 541 3962 566 4020; x_wconf 79' lang='lat' dir='ltr'><strong>o’</strong></span> <span class='ocrx_word' id='word_1_335' title='bbox 587 3961 765 4030; x_wconf 61' lang='lat' dir='ltr'><strong>tintinnabant,</strong></span> <span class='ocrx_word' id='word_1_336' title='bbox 783 3962 842 4018; x_wconf 74' lang='grc' dir='ltr'><strong>ἐπεὶ</strong></span> <span class='ocrx_word' id='word_1_337' title='bbox 859 3967 979 4034; x_wconf 75' lang='grc' dir='ltr'><strong>χαλεπαί</strong></span> <span class='ocrx_word' id='word_1_338' title='bbox 994 3985 1024 4021; x_wconf 79' lang='lat' dir='ltr'><strong>se</strong></span> <span class='ocrx_word' id='word_1_339' title='bbox 1042 3968 1090 4022; x_wconf 77' lang='lat' dir='ltr'><strong>ani</strong></span> <span class='ocrx_word' id='word_1_340' title='bbox 1109 3969 1196 4022; x_wconf 79' lang='lat' dir='ltr'><strong>olvat.</strong></span> <span class='ocrx_word' id='word_1_341' title='bbox 1248 3966 1250 3969; x_wconf 68' lang='grc'><strong>’</strong></span> 
     </span>
     <span class='ocr_line' id='line_1_40' title="bbox 294 4055 1325 4125; baseline 0.004 -18"><span class='ocrx_word' id='word_1_342' title='bbox 294 4056 460 4109; x_wconf 86' lang='lat' dir='ltr'><strong>Ternarium</strong></span> <span class='ocrx_word' id='word_1_343' title='bbox 478 4063 569 4109; x_wconf 85' lang='lat' dir='ltr'><strong>sutem</strong></span> <span class='ocrx_word' id='word_1_344' title='bbox 586 4072 743 4125; x_wconf 80' lang='lat' dir='ltr'><strong>numerum,</strong></span> <span class='ocrx_word' id='word_1_345' title='bbox 771 4055 848 4108; x_wconf 88' lang='lat' dir='ltr'><strong>cuius</strong></span> <span class='ocrx_word' id='word_1_346' title='bbox 866 4065 1009 4124; x_wconf 85' lang='lat' dir='ltr'><strong>praeterea</strong></span> <span class='ocrx_word' id='word_1_347' title='bbox 1026 4061 1192 4114; x_wconf 87' lang='lat' dir='ltr'><strong>mentionem</strong></span> <span class='ocrx_word' id='word_1_348' title='bbox 1210 4074 1264 4112; x_wconf 87' lang='lat' dir='ltr'><strong>nou</strong></span> <span class='ocrx_word' id='word_1_349' title='bbox 1279 4056 1325 4111; x_wconf 83' lang='lat' dir='ltr'><strong>fe-</strong></span> 
     </span>
     <span class='ocr_line' id='line_1_41' title="bbox 294 4148 1087 4219; baseline 0.004 -18"><span class='ocrx_word' id='word_1_350' title='bbox 294 4148 340 4215; x_wconf 87' lang='lat' dir='ltr'><strong>cit,</strong></span> <span class='ocrx_word' id='word_1_351' title='bbox 358 4165 413 4201; x_wconf 89' lang='lat' dir='ltr'><strong>nna</strong></span> <span class='ocrx_word' id='word_1_352' title='bbox 430 4165 493 4201; x_wconf 86' lang='lat' dir='ltr'><strong>cum</strong></span> <span class='ocrx_word' id='word_1_353' title='bbox 511 4148 573 4200; x_wconf 91' lang='lat' dir='ltr'><strong>aliis</strong></span> <span class='ocrx_word' id='word_1_354' title='bbox 592 4150 645 4202; x_wconf 84' lang='lat' dir='ltr'><strong>hoe</strong></span> <span class='ocrx_word' id='word_1_355' title='bbox 663 4165 744 4200; x_wconf 84' lang='lat' dir='ltr'><strong>versu</strong></span> <span class='ocrx_word' id='word_1_356' title='bbox 762 4148 969 4215; x_wconf 82' lang='lat' dir='ltr'><strong>comprehendit</strong></span> <span class='ocrx_word' id='word_1_357' title='bbox 985 4150 1087 4219; x_wconf 74' lang='grc' dir='ltr'><strong>(823.)ε</strong></span> 
     </span>
    </p>

    <p class='ocr_par' dir='ltr' id='par_1_7' title="bbox 393 4235 1170 4314">
     <span class='ocr_line' id='line_1_42' title="bbox 393 4235 1170 4314; baseline -0.003 -20"><span class='ocrx_word' id='word_1_358' title='bbox 393 4240 425 4294; x_wconf 75' lang='grc' dir='ltr'><strong>αἱ</strong></span> <span class='ocrx_word' id='word_1_359' title='bbox 441 4240 467 4294; x_wconf 77' lang='lat' dir='ltr'><strong>b’</strong></span> <span class='ocrx_word' id='word_1_360' title='bbox 484 4235 565 4296; x_wconf 73' lang='grc' dir='ltr'>ἄλλαι</span> <span class='ocrx_word' id='word_1_361' title='bbox 580 4238 765 4308; x_wconf 74' lang='grc' dir='ltr'><strong>μετάδουποι,</strong></span> <span class='ocrx_word' id='word_1_362' title='bbox 784 4236 907 4312; x_wconf 62' lang='lat' dir='ltr'><strong>aripret,</strong></span> <span class='ocrx_word' id='word_1_363' title='bbox 925 4238 962 4296; x_wconf 74' lang='grc' dir='ltr'><strong>οὔ</strong></span> <span class='ocrx_word' id='word_1_364' title='bbox 980 4261 1008 4296; x_wconf 80' lang='grc' dir='ltr'><strong>τι</strong></span> <span class='ocrx_word' id='word_1_365' title='bbox 1024 4241 1170 4314; x_wconf 74' lang='grc' dir='ltr'>φέρουσαι.</span> 
     </span>
    </p>
   </div>
   <div class='ocr_carea' id='block_1_5' title="bbox 0 0 1450 4898">
    <p class='ocr_par' dir='ltr' id='par_1_8' title="bbox 0 0 1450 4898">
     <span class='ocr_line' id='line_1_43' title="bbox 0 0 1450 4898; baseline 0 0"><span class='ocrx_word' id='word_1_366' title='bbox 0 0 1450 4898; x_wconf 95' lang='lat' dir='ltr'><strong> </strong></span> 
     </span>
    </p>
   </div>
  </div>
 </body>
</html>
