2890 4898
1110 356 1181 401 um

142 510 234 562 usque
251 494 288 547 ad
305 492 434 563 πολιτείᾳ
449 491 478 543 iu
495 492 605 544 Tastris
620 493 734 544 scholiis
751 508 769 546 a
784 493 959 545 Trinoarello
971 473 1049 543 editis
1057 509 1084 559 Ρ.
1097 493 1124 558 8,
1137 493 1179 557 4.;

144 588 206 641 iam
232 587 257 639 si
278 583 485 653 comparaveris
510 601 573 636 cum
598 584 691 637 verbis
718 602 784 636 rere
808 581 959 636 Proclianis
981 583 1010 635 ia
1033 585 1119 636 schol.
1143 586 1179 638 ad

145 679 232 746 Oper.
250 676 320 744 211,
339 678 482 744 scrupulas
500 677 572 730 alius
588 676 733 729 iniiciotur.
758 674 860 729 Scribit
877 673 949 725 euim
967 673 1006 725 iss
1028 673 1181 747 Φιλόχορος

144 767 181 837 δὲ
198 765 373 838 Στησίχορόν
390 785 460 836 φησι
477 765 604 827 riaciani
623 766 774 838 Κλυμένης.
809 768 885 819 Idem
909 783 976 818 vero
994 767 1125 821 Proculus
1142 770 1178 822 ad
1269 780 1273 785 “

145 863 201 930 ΟΡ.
224 861 285 914 631.
309 861 362 914 ita:
395 856 466 915 ὅθεν
498 862 545 916 aul
571 859 623 916 τὸν
648 861 720 916 θεὸν
748 856 938 929 Ὀρχομενίοις
963 857 1117 928 apostatas
1141 855 1178 915 soi

144 951 280 1008 Ἡσιόδου
298 939 420 1022 titubent
437 954 532 1023 λαβεῖν
548 952 595 1007 καί
613 953 711 1022 θάψαι
732 946 799 1025 παρ’
818 949 923 1016 criseis,
942 949 979 1013 oie
997 951 1045 1005 nol
1062 950 1176 1024 Ἀριστοὲ

146 1046 228 1115 τέλης
251 1045 320 1114 φησὶ
344 1043 464 1118 γράφων
486 1042 540 1115 τὴν
564 1045 749 1118 Ὀρχομενίων
771 1046 923 1098 πολιτείαν.
964 1046 1050 1113 Atque
1076 1046 1178 1101 similia

146 1140 324 1193 Aristotelem
349 1139 383 1191 de
405 1139 526 1192 Hesiodo
548 1139 692 1192 tradidisse
716 1139 743 1191 in
765 1138 908 1206 republica
931 1136 1177 1192 Orchomeniorum

147 1231 275 1286 concludi
293 1230 375 1283 etiam
392 1249 426 1284 ex
443 1231 523 1284 Pror.
544 1231 679 1297 Vaticanis
696 1232 740 1297 lV,
756 1230 782 1282 3.
800 1235 897 1298 potest,
915 1246 986 1299 quae
1004 1247 1087 1298 supra
1105 1234 1176 1284 olle-

144 1324 284 1396 garimus.
317 1324 378 1375 lam
394 1342 461 1376 vero
479 1324 525 1391 qui
542 1323 595 1375 ista
613 1325 709 1388 verba,
720 1325 825 1391 μᾶλλον
839 1322 878 1387 de',
897 1318 985 1390 οἶμαι,
1001 1327 1069 1386 κτλ,
1088 1324 1177 1376 obiter

146 1416 304 1485 inspexerit,
324 1417 468 1468 subactum
486 1415 617 1469 iudicium
635 1417 705 1468 docti
722 1416 842 1469 hominis
858 1415 911 1469 sibi
929 1432 1080 1485 agnoscere
1097 1417 1176 1468 vide-

147 1509 229 1574 bitur,
246 1508 292 1575 qui
305 1508 505 1575 rempublicam
517 1508 762 1561 Orchomeniorum
771 1526 822 1561 non
837 1526 854 1561 a
864 1509 1031 1576 philosopho
1045 1508 1176 1575 scriptam

149 1620 210 1656 esse
229 1600 376 1654 arbitratus
394 1599 443 1666 sit,
467 1601 515 1651 sed
532 1601 567 1651 ab
586 1601 640 1653 alio
659 1600 818 1664 Aristotele,
843 1600 888 1667 qui
910 1599 962 1653 τὸν
980 1599 1092 1654 Πὲνλον
1110 1618 1175 1652 οοο-

148 1693 266 1765 scripsit.
301 1692 376 1746 Nihil
395 1697 436 1744 est
453 1698 546 1744 autem
563 1693 599 1744 ab
618 1692 728 1762 iugenio
746 1691 856 1744 Tzetzis
879 1698 937 1744 tam
955 1692 1075 1745 alienum
1093 1710 1176 1761 quam

147 1791 220 1841 haec
250 1785 358 1839 altioris
383 1785 517 1854 indaginis
542 1785 628 1837 crisis.
670 1785 795 1848 Accedit,
826 1786 897 1851 quod
932 1783 994 1835 libri
1022 1785 1175 1836 Aristotelis

109 1866 116 1887 ¹
148 1883 183 1935 de
206 1879 363 1935 civitatibus
386 1881 508 1946 tempore
532 1878 641 1931 Tzetzis
662 1878 720 1931 sine
745 1878 827 1931 dubio
851 1877 908 1931 iam
932 1874 1064 1943 deperditi
1089 1870 1173 1928 erant.

147 1976 277 2027 Fortasse
302 1971 386 2042 igitur
411 1969 440 2022 in
461 1971 573 2023 Taetzis
597 1971 747 2039 exemplari
771 1970 941 2023 scholiorum
969 1969 1174 2020 Proclianorum

147 2066 280 2134 scriptum
290 2070 362 2117 erat:
377 2059 393 2116 d
408 2060 565 2130 φιλόσοφος
577 2080 627 2130 pro
638 2059 654 2117 o‘
669 2061 831 2135 Φιλόχοροςι
843 2064 928 2134 igitur
938 2079 1021 2131 quum
1034 2079 1086 2112 nou
1098 2061 1176 2113 iure·

149 2158 230 2210 nisset
237 2160 328 2210 locum
337 2155 364 2207 iu
372 2154 526 2207 Aristotelis
533 2155 640 2222 scriptis
652 2157 704 2209 sibi
712 2151 791 2225 notis,
804 2176 836 2210 ex
850 2158 1006 2210 coniectura
1019 2155 1122 2207 addidit
1135 2153 1176 2206 di-

150 2256 223 2303 ctum
240 2252 296 2302 hoc
314 2265 373 2301 esse
390 2247 480 2300 autin
498 2247 746 2302 Orchomeniorum
762 2250 905 2316 republica
923 2255 1034 2316 propter
1052 2247 1175 2299 sclrolion

149 2343 324 2397 Procliauum
336 2342 371 2394 ad
384 2341 436 2407 ΟΡ.
446 2340 517 2401 631.,
536 2345 592 2404 aut,
610 2341 681 2407 quod
696 2341 871 2392 verisimilius
887 2341 914 2392 ei
931 2342 1022 2393 risum
1038 2339 1130 2404 fuerit,
1148 2340 1177 2390 in

151 2455 185 2491 ea
200 2432 436 2497 commentatione,
455 2448 537 2498 quam
545 2431 623 2500 Pepli
635 2433 744 2485 nomine
756 2450 816 2485 eam
832 2434 867 2485 ob
879 2449 990 2485 causam
1003 2430 1178 2498 inscripserat

152 2531 319 2592 Aristoteles,
336 2526 408 2594 quod
425 2525 627 2593 mythologiam
650 2526 797 2593 praecipuo
815 2526 978 2593 explicabat.
1012 2526 1054 2576 De
1072 2524 1176 2576 Aristo-

152 2625 204 2676 tele
226 2621 307 2688 Pepli
331 2624 442 2671 auctora
464 2622 573 2683 praeter
597 2619 723 2670 Eustatlr.
749 2619 781 2671 ll.
807 2637 834 2686 Ρ.
856 2617 916 2685 285,
940 2616 983 2670 24.
1014 2624 1096 2685 atque
1119 2633 1176 2683 eos,

153 2730 218 2781 quos
229 2709 351 2765 laudavit
368 2709 560 2762 Harlesius
578 2710 613 2761 ad
625 2711 786 2764 rabaam.
802 2712 850 2763 Gr.
865 2714 912 2764 lll.
921 2709 1024 2780 pzib„
1040 2730 1067 2764 v.
1082 2710 1176 2763 Schol.

152 2803 259 2858 Aristid.
277 2803 312 2856 Τ.
330 2802 378 2853 ΙΙΙ.
397 2820 424 2868 Ρ.
442 2801 502 2853 823.
521 2801 618 2867 Dina,
648 2805 740 2857 Schol.
767 2806 830 2856 Ven.
848 2807 880 2858 ll.
900 2805 947 2870 xl,
963 2803 1023 2856 688.
1042 2810 1068 2856 et
1084 2806 1176 2871 Etym.

151 2898 191 2949 Μ.
209 2916 236 2950 r.
250 2887 338 2956 Ἦλις.
372 2877 484 2947 Videtur
501 2899 593 2946 autem
609 2897 783 2964 perspicuum
802 2916 861 2949 esse
880 2915 913 2949 cx
928 2899 982 2949 hoc
997 2892 1110 2949 'Tzetzis
1127 2896 1177 2947 ad-

152 2989 301 3042 ditamento
336 3003 390 3038 non
424 2986 549 3039 continuo
573 2989 698 3041 concludi
721 2990 822 3042 debere
847 2991 992 3057 Peplorum
1015 2968 1177 3058 scriptorem

150 3099 211 3135 esse
227 3080 313 3133 alium
331 3096 414 3146 quam
429 3079 624 3147 philosophmn
636 3079 818 3143 Aristotelem,
837 3083 910 3148 quod
922 3081 986 3134 fecit
1003 3080 1178 3133 Meursius
1226 3112 1229 3116 Δ

150 3172 271 3227 Panath.
296 3171 339 3224 18.
374 3173 508 3238 Exempto
534 3169 621 3241 igitur
646 3171 698 3222 hoc
724 3175 851 3240 scrupulo
876 3175 913 3241 (si
935 3164 1016 3226 modo
1040 3191 1106 3226 rere
1131 3190 1179 3224 ex-

152 3271 260 3337 emptus
278 3268 330 3330 cst)
349 3264 418 3317 nihil
435 3263 542 3316 videtur
559 3262 708 3330 impedire,
737 3265 878 3331 quominus
901 3271 986 3318 totam
1012 3268 1179 3317 commenta-

151 3361 255 3412 tionem
278 3360 313 3410 de
337 3362 418 3426 gente
441 3355 553 3407 Hesiodi
575 3355 615 3406 Io.
639 3356 734 3407 Tzetzi
760 3375 821 3409 curn
846 3359 952 3411 Ranlrio
982 3358 1178 3426 adscribamus,

154 3452 256 3504 editam
274 3451 381 3503 diverso
398 3451 480 3502 modo
498 3449 526 3501 iu
544 3447 658 3501 diversis
681 3450 891 3517 exemplaribus.
926 3450 967 3502 Ab
990 3452 1044 3502 hoc
1061 3414 1178 3503 Piaculo

152 3544 292 3599 diversum
316 3560 375 3595 esse
398 3544 540 3606 Proolum‚
567 3542 740 3594 Proculeium
766 3543 849 3597 ctiam
870 3543 987 3607 dictum,
1011 3546 1112 3612 Syrum
1129 3561 1178 3597 na-

152 3637 234 3703 tione,
252 3637 357 3689 monuit
375 3634 563 3709 Fabricius
580 3633 651 3687 mul.
667 3634 714 3685 Gr.
731 3636 765 3688 T.
779 3636 826 3688 lll.
841 3635 934 3704 pata.
947 3639 1056 3691 Harles.
1091 3637 1180 3690 Huius

152 3729 379 3783 commentarium
397 3729 436 3790 εἰς
457 3727 507 3782 τὸν
525 3721 592 3798 παρ’
613 3723 732 3801 Ἡσιόδῳ
751 3729 800 3798 τῆς
818 3726 974 3803 Πιινδοιίροις
990 3733 1086 3799 μῦθον
1104 3748 1179 3784 com-

152 3823 319 3876 memorarit
335 3822 442 3875 Suidas.
