2890 4898
137 570 426 645 mibevdstnreiqr
436 567 481 632 ae
497 560 642 633 credetur
659 566 730 637 φησὶ
745 564 798 622 sir
817 548 950 623 ‘muers
963 562 1013 622 ssi
1030 560 1169 639 intppdffl'

140 684 227 737 pusca
242 665 455 732 trithemio·
485 664 566 734 quipe
582 660 627 724 atr
650 658 760 732 ἡβήσας
782 660 833 716 sot
848 660 893 724 aa
908 657 1007 729 reique
1022 652 1171 732 impedii-

141 778 206 824 κς,
223 753 350 822 tonat,
372 752 538 828 tivffpsitrosc
561 752 664 826 μέτρω
686 753 754 823 ἔχων
778 755 888 823 σοφίης.
921 755 1000 823 Apud
1020 750 1168 810 emulans

140 856 169 907 'et
190 853 305 906 Sui'rlaur
326 851 446 904 Pindaro
465 852 526 902 <hoe
539 849 723 919 epigramma
745 847 887 912 tribuitur,
913 862 965 900 nec
993 862 1076 900 causa
1099 844 1168 901 satis

139 949 237 1002 raama
266 950 323 1010 eo,
354 961 404 996 sur
427 942 545 996 runnu
575 941 776 995 annueramus.
809 924 848 993 v,
881 942 1030 996 saecun.
1053 942 1167 1011 uragu.

139 1037 330 1108 Pind.p.554.
360 1039 433 1089 llam
444 1037 483 1089 ita
496 1036 634 1103 explicare
647 1039 758 1088 conanus
777 1035 1168 1088 estblarclrschefielius
1221 1023 1228 1035 “

139 1133 278 1203 (Hesiodi,
293 1130 405 1184 Eumeli
421 1160 456 1172 -
472 1128 629 1199 fragmenta
641 1146 667 1197 p.
681 1125 716 1180 bb
728 1127 800 1195 sq.)=
835 1128 1036 1192 „Proverbium
1054 1144 1088 1181 ex
1106 1128 1167 1197 epi-

141 1229 295 1298 grammate
319 1229 409 1277 ortum
435 1228 490 1289 cst,
514 1223 688 1293 epigramma
713 1220 848 1288 sduplioi
871 1239 943 1289 quae
959 1222 1100 1274 ferebatur
1123 1238 1168 1275 se·

141 1321 266 1388 pultura,
290 1318 325 1369 ad
347 1333 431 1384 quam
455 1315 645 1383 explicandam
668 1313 768 1381 aliquis
783 1313 936 1367 Hesiodum
960 1315 1004 1367 bis
1019 1315 1121 1368 vixisse
1139 1318 1168 1368 ei

140 1413 184 1465 bis
205 1416 342 1464 mortuum
360 1427 421 1463 esse
439 1409 535 1474 tinxit,
556 1414 589 1462 ut
604 1406 819 1478 intelligeretur,
845 1409 982 1475 quomodo
1003 1408 1030 1460 in
1051 1414 1168 1475 utroque

139 1507 264 1574 sepulcro
291 1508 390 1573 poetae
418 1519 481 1556 ossa
509 1520 568 1555 esse
597 1501 733 1570 possent'*
774 1502 810 1553 At
838 1503 1015 1554 vehementer
1043 1500 1114 1552 inter
1136 1516 1167 1553 se

139 1598 270 1653 differunt
291 1594 447 1652 Ἡσιόδειυν
470 1597 559 1666 γῆρας
584 1602 612 1648 et
626 1594 738 1648 Pindari
757 1593 800 1656 etr
816 1592 938 1663 ἡβήσας,
963 1606 1080 1662 quorum
1097 1608 1166 1645 neu-

139 1698 213 1746 trum
229 1689 361 1759 explicari
376 1706 411 1742 ex
430 1690 517 1743 altero
537 1694 638 1756 potest:
665 1688 733 1742 illud
749 1687 823 1739 enim
840 1689 874 1740 de
892 1684 995 1757 magua
1019 1690 1166 1752 senectute,

140 1784 195 1838 boc
219 1782 254 1837 de
275 1782 392 1851 repetita
417 1782 476 1835 rita
499 1782 537 1834 ita
555 1781 627 1852 agit,
641 1786 680 1834 ¹ut
697 1786 845 1849 provectae
861 1781 1006 1833 senectutis
1029 1798 1063 1832 ne
1080 1780 1166 1833 msti-

140 1878 218 1949 grum
242 1870 351 1944 quinem
373 1876 452 1929 rests.
488 1858 632 1942 orsmaro
657 1875 743 1944 ugron
765 1875 943 1944 preventum
967 1892 1001 1926 οι
1025 1874 1166 1942 epigram-

139 1975 214 2024 mate
228 1969 292 2024 oriri
306 1968 489 2037 probabiliter>
498 1967 606 2035 munta
636 1969 693 2019 lies
705 1970 788 2038 longe
799 1968 881 2022 aliter
889 1987 920 2020 se
930 1969 1034 2022 habers
1048 1967 1166 2022 videtum

138 2064 165 2117 ls
183 2062 273 2128 euim,
291 2063 336 2131 qui
352 2060 496 2130 proverbia
512 2061 642 2115 Vaticana
659 2061 783 2131 collegit,
800 2079 886 2130 quum
902 2044 1077 2130 proverbiale
1098 2060 1168 2114 illud

107 2178 111 2185 “
138 2150 294 2210 Ἡσιόδειον
310 2156 398 2225 γῆρας
415 2154 552 2222 explicere
568 2159 643 2233 recte
660 2154 783 2221 nesciret,
802 2154 1002 2225 epigrammate
1020 2157 1167 2210 Pindarico

139 2249 321 2319 qualicunque
343 2248 424 2301 modo
449 2248 478 2302 id
500 2248 674 2317 interpretari
698 2249 809 2300 studuit.
843 2249 1011 2303 blihi'enim
1036 2268 1090 2303 non
1115 2253 1167 2304 du-

138 2343 216 2396 bium
241 2347 295 2408 est,
318 2342 382 2409 quin
406 2342 476 2395 illud
498 2343 675 2411 proverbium
699 2342 734 2394 de
760 2341 847 2394 nobili
865 2345 926 2395 loeo
944 2343 1059 2396 Hesiodi
1077 2344 1166 2413 (apud
1241 2409 1245 2415 Ι
1316 2390 1318 2395 .

138 2437 276 2491 Plutarch.
296 2437 331 2488 de
348 2434 404 2487 def.
423 2433 533 2487 Oracul.
551 2434 585 2485 ll.
620 2433 734 2503 Fragm.
752 2433 888 2500 ctxlll.)
901 2435 1106 2505 intelligendum
1122 2437 1167 2501 sit,

139 2528 187 2597 qui
204 2530 238 2581 ds
253 2526 453 2598 longinquitate
469 2528 544 2580 sitas
561 2523 660 2598 (γήρᾳ)
677 2527 836 2592 bominum,
854 2528 1002 2593 cornicum,
1022 2542 1170 2591 cervorum.

140 2626 192 2673 cet.
209 2621 283 2690 agit,
303 2637 357 2672 nou
374 2621 409 2672 ds
425 2620 510 2688 ipsius
531 2620 645 2695 Hesiodi
663 2620 811 2685 senectute,
834 2625 866 2672 ut
890 2620 1053 2688 opinabatur
1070 2622 1103 2691 is,
1121 2623 1167 2691 qui
1241 2616 1244 2617 ⁷

138 2713 271 2767 Vaticana
297 2714 446 2781 proverbia
475 2712 596 2783 collegit.
638 2714 731 2780 lpsam
763 2714 836 2766 enim
861 2714 975 2767 Hesiodi
998 2722 1167 2770 senectutem

139 2806 314 2875 comprobari
329 2805 425 2859 Alcaei
441 2807 573 2859 Messenii
588 2804 727 2860 versiculo
749 2808 907 2876 (Brunelr.
925 2809 1001 2861 dnal.
1020 2809 1040 2862 1.
1059 2827 1086 2877 p.
1105 2807 1165 2864 49⁰.

137 2898 297 2966 bath-⁴Pal.
313 2900 372 2965 vll,
389 2897 448 2974 bb.)
471 2914 551 2952 nemo
576 2899 660 2952 facile
683 2900 737 2953 erit
761 2901 807 2968 qui
829 2905 914 2969 putet.
948 2901 1019 2955 Nam
1035 2902 1167 2970 si·ipsum

137 2992 290 3049 Hetiodsru
306 2993 334 3046 in
352 2992 496 3061 longaevis
511 2991 670 3045 hominibus
686 2992 764 3045 fama
781 2995 939 3061 habuisset,
964 3000 1038 3049 certe
1063 2997 1092 3049 id
1109 2984 1166 3048 ltu·-
1251 2996 1255 3001 ’

137 3084 235 3147 elanus
256 3086 367 3140 silentio
388 3100 442 3138 nou
465 3086 651 3154 praeteriisset
671 3085 699 3138 in
723 3085 835 3156 dialogo
859 3087 894 3139 de
909 3088 1066 3144 macrobiis.
1099 3090 1167 3157 lpsa

138 3184 224 3236 etiam
246 3182 342 3235 mortis
364 3179 480 3233 Hesiodi
507 3194 606 3245 eausa,
636 3196 719 3249 quam
740 3179 903 3233 Plutarchus
935 3182 1061 3250 exposuit
1084 3183 1165 3250 (Sap.

138 3272 225 3328 Nous.
243 3273 314 3341 19),
346 3277 512 3326 senectutem
535 3274 735 3340 quodammodo
758 3271 867 3326 videtur
893 3291 1032 3342 respuere.
1071 3275 1166 3341 Quare

137 3362 208 3420 nibil
227 3366 366 3435 reliquum
386 3371 444 3432 est,
468 3381 552 3435 quam
573 3371 605 3419 ut
626 3366 680 3418 bae
697 3366 794 3419 fabula
812 3366 846 3419 de
864 3368 908 3420 bis
925 3368 1026 3420 iuvene
1043 3365 1166 3419 Hesiodo

137 3460 232 3513 doceri
247 3461 394 3513 credamus
416 3460 485 3512 dnos
503 3459 650 3528 aliquando
667 3459 803 3511 Hesiodos
819 3460 929 3527 vixisse,
947 3460 976 3512 id
994 3460 1167 3529 quodetiam

137 3548 244 3605 dnobus
263 3552 379 3606 He'siodi
396 3552 545 3621 sepulcris,
576 3569 690 3621 quornm
712 3555 830 3606 alterum
849 3559 908 3608 crat
923 3553 1071 3624 Naupacti,
1097 3556 1168 3609 slte-

137 3658 200 3698 ram
211 3636 387 3712 orchomeni,
399 3646 448 3700 sed
459 3648 499 3701 ita
511 3651 687 3713 exstructum,
699 3653 730 3702 nt
741 3647 882 3718 Naupacto
889 3650 1094 3703 Orchomenum
1105 3662 1169 3703 ossa

136 3737 254 3791 Hesiodi
276 3740 426 3811 secundum
457 3743 600 3793 oraculum
617 3742 784 3809 Delphicum
804 3745 939 3797 translate
963 3761 1022 3796 esse
1046 3743 1168 3797 dicerent

137 3829 340 3896 Orchomenii,
370 3848 407 3885 ne
450 3850 529 3886 suum
565 3833 703 3887 videretur
741 3836 903 3889 auctoritate
935 3838 1034 3889 cedere
1077 3834 1168 3902 alteriq

135 3924 209 3990 quod
234 3940 269 3975 ns
285 3923 445 3993 Naupactiis
468 3926 579 3996 qnidam
601 3928 727 3981 omnibus
751 3929 890 3999 cognitum
912 3928 998 3982 fuisse
1015 3929 1168 4000 fingebant.

133 4014 193 4069 Sed
217 4015 301 4068 etiam
324 4023 419 4085 postea
436 4018 604 4088 Naupactios
626 4038 707 4072 suum
730 4019 784 4074 sibi
801 4037 926 4075 servasse
942 4023 1059 4077 Hesiodi
1075 4024 1168 4092 sepul·

134 4124 215 4161 crum
231 4108 300 4163 satis
316 4115 393 4178 patet
409 4129 444 4165 ex
459 4112 602 4168 Plutarchi
618 4115 726 4168 serbis:
750 4111 802 4168 sio
826 4112 858 4168 di
880 4113 975 4183 acinos
992 4114 1034 4185 [ἐν
1050 4116 1092 4187 aqi
1109 4117 1169 4169 Ns·

132 4201 217 4272 μείῳ]
236 4201 263 4256 oi
281 4203 380 4258 scotici
404 4206 462 4259 cciv
480 4206 566 4273 ξένων
584 4204 638 4262 osia
656 4208 766 4276 ἴσασιν,
793 4201 851 4262 dtt’
868 4205 1081 4279 ἀποκέκρυπται
1098 4205 1167 4273 (non

133 4290 355 4367 ἀπεκέκρυπτο).
388 4297 479 4352 Aliam
496 4297 602 4354 famam
619 4299 721 4368 inisse,
744 4317 816 4370 quaa
832 4301 933 4368 hora,
943 4301 1008 4354 'nou
1024 4298 1167 4367 Naupacto
