2890 4898
287 392 337 436 orl

288 548 354 602 pars
370 531 406 585 ad
423 532 573 600 practicam
590 547 677 602 genus
700 546 749 585 sen
765 532 867 601 Opera,
888 531 1111 601 Μελαμπυδλαν,
1134 531 1317 605 παραινέσεις

289 625 446 694 Χείρωνος,
463 622 603 694 ἐξηγήσεις
625 622 670 677 ἐπὶ
691 624 821 696 τέρασιν,
847 625 1044 696 ἀστρονομίαν.
1079 625 1153 693 Quid
1168 629 1202 679 de
1220 627 1315 683 titulos

289 715 450 786 ἐπικήδειος
472 718 512 778 εἰς
537 715 686 787 Βάτραχον
709 720 768 787 (vel
789 714 946 791 βάτραγόν)
971 738 1035 773 τινα
1053 716 1194 788 ἐρόμενον
1211 716 1314 787 nitori,

289 810 458 863 sentiendum
475 809 509 862 sit
526 809 631 877 nescio,
655 809 765 863 videtur
788 816 880 865 tamen
902 813 938 864 ad
956 811 1107 864 Hesiodum
1124 813 1242 864 relatum
1258 814 1316 865 bec

290 919 401 956 carmen
423 902 507 954 fuisse
531 907 642 969 propter
663 909 854 972 argumentum
875 906 1028 972 pastorale,
1054 904 1124 970 qnod
1146 904 1236 958 simile
1260 903 1316 958 fuit

215 1058 217 1063 ⁴
289 993 392 1048 Culicis
410 993 560 1062 Virgilium,
579 995 624 1061 qui
641 996 680 1048 ita
696 996 805 1048 finitur:

390 1086 482 1138 Parve
499 1087 593 1151 Culex,
610 1088 745 1154 pecudum
762 1092 851 1140 custos
868 1086 918 1140 tibi
935 1089 991 1139 tale
1008 1087 1123 1141 merenti

391 1179 506 1231 Funeris
523 1178 646 1230 officium
661 1179 735 1231 ritae
752 1197 802 1247 pro
818 1195 931 1231 munere
948 1180 1045 1233 reddit.

338 1269 469 1322 Dicamus
480 1269 598 1338 primum
609 1271 643 1322 de
659 1271 843 1324 celeberrimis
853 1273 1036 1341 mythologici
1043 1273 1153 1341 generis
1167 1271 1314 1340 poematis,

289 1362 324 1415 de
342 1363 515 1431 Catulogo
535 1367 561 1413 et
578 1362 662 1414 Eoei
668 1381 689 1414 s.
724 1367 799 1416 Duos
816 1364 901 1418 fniue
918 1365 1011 1417 titulos
1028 1366 1074 1417 uui
1092 1367 1234 1432 eidemque
1251 1381 1315 1417 car-

287 1453 356 1506 mini
371 1453 469 1506 inditos
486 1470 520 1505 ex
538 1469 571 1504 eo
590 1458 673 1520 putet,
692 1458 763 1521 quod
780 1455 857 1508 Senti
876 1472 970 1508 versus
986 1454 1111 1520 1-56.‚
1130 1471 1244 1522 quorum
1262 1455 1316 1508 iui-

289 1543 357 1596 tium
381 1548 421 1596 est
444 1539 462 1612 ἢ
489 1540 550 1612 οἴη,
577 1544 612 1595 ab
637 1545 747 1611 antiquo
768 1548 950 1615 grammatico
974 1549 1015 1615 (p.
1034 1547 1095 1600 108.
1117 1565 1144 1599 n.
1163 1547 1242 1614 edit.)
1266 1548 1317 1600 de·

290 1637 392 1704 sumpti
418 1653 476 1689 esse
501 1637 625 1689 dicuutur
647 1655 681 1689 ex
707 1645 802 1704 quarto
829 1642 972 1710 catalogo:
998 1640 1049 1708 τῆς
1065 1636 1193 1701 'Aonides
1208 1635 1227 1707 ἦ
1245 1634 1316 1709 άργή

289 1726 370 1800 ἐντῷ
387 1727 411 1782 δ’
430 1725 574 1799 καταλόγῳ
587 1725 703 1800 φέρεται
719 1729 799 1802 μέχρι
816 1733 918 1801 στίχων
934 1729 959 1786 ν’
977 1733 1024 1787 καλ
1043 1729 1076 1792 ς’.
1099 1733 1238 1785 Accedunt
1256 1732 1316 1783 He·

289 1820 416 1888 sycbinsr
433 1814 544 1874 Ἢοῖαι·
564 1818 580 1875 ό
598 1818 753 1890 κατάλογος
768 1821 910 1889 Ἡσιόδου,
928 1829 957 1878 et
971 1824 1081 1890 Suidas,
1098 1824 1144 1893 qni
1156 1826 1247 1876 Eoeas
1263 1839 1317 1876 nou

289 1916 500 1978 commemorat,
518 1914 567 1965 sed
590 1913 763 1982 Catulogum.
799 1917 886 1969 Porro
912 1918 1038 1970 Eustatb.
1056 1918 1088 1969 ll.
1107 1934 1134 1984 p.
1152 1916 1202 1968 13:
1217 1907 1258 1985 ’ἦν
1274 1914 1316 1984 δέ,

289 2004 375 2072 φασί,
402 2001 512 2070 Βοότης
528 2003 592 2066 υλός
610 2007 795 2073 Ποσειδῶνος,
820 2007 858 2072 ein
882 2006 1011 2070 Ἡσίοδος
1033 2006 1064 2062 ἐν
1087 2004 1248 2077 καταλόγῳ,
1268 2008 1318 2060 sed

290 2095 324 2149 de
341 2097 438 2148 eodem
451 2098 520 2149 Bnte
533 2097 668 2150 Hesiodus
682 2094 789 2153 dixerat
797 2099 824 2152 in
838 2100 921 2153 Eoeis
931 2100 1048 2170 magnis,
1061 2102 1178 2153 Pausan.
1190 2098 1272 2167 1V‚2,
1284 2099 1317 2152 l:

290 2184 360 2241 oillei
378 2184 480 2242 Ὕλλου
505 2187 556 2258 μὲν
580 2192 633 2244 τοῦ
655 2189 820 2262 Ἡρακλέους
847 2191 969 2260 θυγατρὶ
994 2189 1121 2262 Εόαλγμῃ
1152 2192 1317 2260 συνοικῆσαι

290 2277 462 2335 Πολυκάονα
485 2279 550 2334 υλόν
568 2279 679 2336 Βούτου
703 2281 836 2351 λεγούσας
854 2281 905 2345 τάς
921 2280 1044 2350 μεγάλας
1061 2280 1127 2338 older
1141 2279 1245 2346 Ἠοίας.
1281 2284 1317 2337 Et

290 2374 398 2427 omnino
416 2374 475 2442 quis
492 2378 570 2442 putet
585 2373 680 2441 primis
697 2376 788 2428 statim
805 2376 975 2443 temporibus
992 2392 1101 2429 carmen
1116 2378 1219 2431 dictum
1232 2375 1318 2429 fuisse

287 2458 392 2532 Ἠοίας,
412 2467 483 2533 quod
500 2483 599 2519 nomen
615 2467 729 2520 inditum
747 2486 807 2521 esse
824 2474 928 2521 constat
946 2469 981 2520 ab
999 2469 1114 2536 repetito
1137 2486 1247 2537 semper
1264 2467 1317 2520 ini-

287 2557 326 2611 tio
351 2558 493 2624 carminis,
528 2575 611 2625 quum
636 2576 708 2611 nova
734 2562 869 2626 quaedam
894 2561 1009 2613 heroine
1037 2560 1201 2612 celebranda
1224 2557 1319 2612 esset?

290 2651 441 2720 catalogus
458 2648 547 2717 primo
566 2649 668 2702 dictum
686 2656 727 2703 est
744 2668 862 2718 carmen,
879 2659 975 2720 postea
997 2651 1080 2705 etiam
1097 2646 1197 2703 Ἠοῖαι.
1233 2651 1318 2702 Pror-

288 2757 334 2793 sus
355 2740 446 2792 simile
468 2741 624 2808 exemplum
648 2741 783 2794 babemus
805 2743 834 2795 in
851 2761 885 2797 eu
909 2749 987 2812 purte
1003 2743 1069 2798 libri
1084 2742 1178 2795 iliadis
1195 2741 1318 2806 secundi,

288 2847 359 2899 quae
382 2835 409 2883 el
431 2828 588 2897 κατάλογος
611 2833 682 2886 νεῶν
706 2833 779 2886 dicta
804 2842 845 2888 est
868 2842 895 2888 et
912 2837 1051 2891 Boeotia:
1075 2836 1123 2888 illo
1149 2834 1222 2887 enim
1239 2834 1319 2887 titulo

289 2928 402 2992 propter
417 2928 609 2992 argumentum
621 2926 774 2992 utebantur,
791 2928 844 2980 boc
856 2932 969 2995 propter
979 2926 1086 2980 initium
1103 2925 1232 2996 catalogi,
1246 2926 1318 2993 qued

289 3018 330 3084 (v.
347 3012 422 3082 494.)
440 3020 585 3083 propterea
601 3016 706 3069 factum
724 3034 741 3070 a
758 3020 870 3072 Boeotis
888 3025 944 3084 ent,
972 3020 1044 3086 quod
1062 3037 1096 3071 ex
1114 3019 1230 3071 Boeotia
1247 3019 1317 3086 (Διι-

289 3107 325 3160 lis
351 3107 424 3160 enim
447 3113 489 3161 est
514 3108 647 3161 Boeotiae
678 3110 821 3178 oppidum)
846 3111 873 3163 in
898 3111 993 3163 Asiam
1017 3111 1183 3165 traiecerunt
1207 3110 1317 3164 Graeci.

289 3200 386 3255 Simile
409 3201 473 3268 quid
500 3201 534 3252 de
544 3197 655 3271 Ἔργοις
672 3201 809 3254 coniicere
832 3204 916 3255 licere
935 3203 992 3254 diri
1008 3208 1099 3256 antea.
1132 3203 1245 3256 Divisae
1262 3203 1319 3254 bae

287 3290 382 3347 Ἦοῖαι
401 3295 428 3345 in
447 3298 565 3361 quatuor
582 3293 669 3345 libros
686 3298 764 3345 erant
780 3294 909 3361 (Snidam
926 3295 1015 3360 enim,
1034 3296 1081 3362 qui
1098 3294 1216 3362 quinque
1232 3293 1318 3347 fnisse

287 3385 361 3453 dicit,
379 3403 472 3439 errare
490 3401 524 3437 ex
541 3382 700 3436 testimoniis
719 3389 840 3437 velerum
858 3390 981 3453 apparet,
1000 3403 1114 3453 quorum
1131 3404 1166 3439 ne
1178 3402 1246 3439 unus
1257 3386 1319 3453 qui-

288 3478 352 3531 dem
376 3477 498 3543 quintum
516 3475 644 3543 cntelogi
668 3476 770 3527 librum
794 3477 1050 3544 commemoravit),
1074 3496 1188 3547 quorum
1205 3477 1318 3532 ultimus

286 3571 369 3637 longe
393 3568 481 3620 maior
506 3570 533 3618 et
550 3565 656 3617 auctior
678 3565 763 3618 fuisse
786 3567 894 3623 videtur
919 3583 1001 3636 quam
1026 3575 1081 3621 tres
1104 3571 1224 3637 priores,
1249 3569 1321 3622 unde

285 3655 414 3727 μεγάλων
436 3656 537 3713 ’Heldo
559 3675 757 3726 cognomen
781 3659 875 3712 tulisse
892 3663 1018 3714 concludi
1035 3679 1069 3714 ex
1087 3660 1237 3713 Pausaniae
1253 3678 1319 3713 ver-

287 3750 330 3803 bis
346 3756 444 3818 potest,
462 3750 507 3819 qui
525 3750 564 3802 ila
581 3751 630 3815 IX,
646 3749 690 3813 31,
707 3749 739 3803 4:
759 3748 787 3813 ἐς
805 3749 940 3819 γυναῖκάς
957 3772 987 3806 τε
1006 3749 1132 3823 ᾀδόμενα
1148 3751 1197 3805 καὶ
1221 3745 1256 3813 dr
1272 3770 1320 3820 με·

286 3842 374 3910 γάλας
392 3840 683 3910 ἐπονομάζουσιν
699 3845 803 3906 Ἠοίας.
838 3845 900 3898 Alia
917 3845 1083 3912 discrimina,
1102 3844 1253 3913 quaeinler
1266 3845 1321 3896 Ca-

286 3935 396 4003 talogos
411 3939 437 3988 et
452 3936 542 3988 Eoeas
555 3935 688 3988 invenisse
706 3936 760 3990 sibi
773 3937 848 3989 visus
860 3942 902 3989 est
911 3936 1167 3990 Marckscheffelius
1180 3936 1222 4003 (p.
1234 3932 1321 4001 NH),

289 4040 342 4093 ego
371 4027 416 4076 vel
433 4026 524 4078 animo
547 4027 735 4081 lubentissimo
752 4046 805 4083 non
823 4028 900 4095 potui
916 4043 1082 4096 agnoscere,
1107 4030 1141 4081 de
1160 4027 1257 4095 quibus
1273 4026 1321 4078 bic

289 4114 381 4166 dicere
398 4117 512 4185 longum
529 4123 579 4171 est.
613 4118 705 4172 Unum
730 4118 867 4170 monuisse
892 4119 1021 4173 sufficiat.
1057 4121 1232 4174 confidenter
1248 4120 1322 4173 Pau·

290 4204 396 4258 suniam
424 4207 600 4278 adscripsisse
623 4211 788 4280 Gatalognm
810 4210 876 4267 dicit
901 4212 1024 4267 Hesiodo
1052 4214 1093 4282 (p.
1120 4213 1211 4280 HL),
1238 4227 1321 4282 qurun
