2890 4898
1131 390 1171 437 XV

141 520 212 576 alodi
236 526 346 585 exorta,
370 522 405 574 de
430 536 490 591 qua>
505 520 586 576 vario
599 522 690 577 modo
715 523 846 578 scribunt.
886 525 929 579 Ex
957 525 1025 596 ipsis
1048 530 1171 583 Hesiodo

140 616 252 671 tributis
285 616 452 669 carminibus
480 616 630 670 didicerant
653 617 786 671 Chalcide
813 622 926 686 poetam
948 619 976 672 in
1001 602 1173 676 celebrandis

141 710 382 777 Amphidamantis
399 710 534 777 exsequiis
551 709 687 777 tripodem
705 712 859 780 accepisse,
882 729 965 780 quum
981 715 1086 783 hymno
1103 731 1172 782 prae

143 802 271 855 omm'hus
289 803 508 871 excelluissct⁶).
544 804 633 870 Quem
651 777 799 871 tripodem,
825 821 978 873 quanquam
996 812 1091 859 auctor
1107 824 1172 861 ver-

142 912 222 949 suum
235 897 348 951 illorum
354 896 442 948 Musis
447 896 597 950 Heliconiis
609 901 798 950 consecratum
807 916 866 952 esse
878 899 952 966 dicit,
962 899 1173 953 visuminlleli·
1201 936 1204 941 »

141 1005 210 1042 eona
221 988 305 1042 etiarn
319 1005 337 1043 a
350 991 502 1043 Pausan.
518 989 660 1058 (matt
671 990 706 1042 cf.
718 989 780 1042 nio
793 991 925 1059 Chrysp.
934 991 1173 1062 22,11.Emper.)‚

141 1079 235 1135 tamen
245 1100 299 1135 non
310 1082 457 1152 desuntqui
465 1082 584 1152 Apollini
592 1082 694 1151 Pythio
703 1083 738 1135 ab
751 1082 873 1135 Hesiodo
885 1083 1040 1138 dedicatum
1054 1103 1113 1139 esse
1129 1087 1173 1140 di·

144 1181 217 1240 cant,
234 1193 389 1246 quanquam
402 1172 526 1246 ἀπαρχαί
541 1177 577 1228 ab
593 1181 705 1229 auctore
716 1175 878 1228 Certamiuis
889 1178 1004 1231 Homeri
1015 1183 1042 1232 et
1056 1178 1173 1234 Hesiodi

145 1285 174 1337 p.
182 1267 243 1332 322,
251 1269 293 1321 21.
303 1273 475 1322 memoratae
486 1271 568 1338 longe
580 1269 661 1322 aliter
672 1272 785 1337 possunt
793 1267 918 1340 intelligi.
928 1270 1077 1327 oraculum
1086 1272 1173 1342 igitur

144 1360 268 1414 Hesiodo
280 1378 297 1414 a
309 1361 411 1432 Pythia
423 1361 517 1413 datum
528 1358 578 1426 est.
596 1361 697 1415 vitaret
708 1363 842 1430 templum
854 1362 985 1416 Nemeaei
999 1363 1084 1427 lovis,
1101 1363 1177 1431 qaod

144 1452 184 1507 ihi
206 1461 322 1508 mortem
345 1454 485 1507 subiturus
509 1460 589 1508 esset.
624 1455 697 1507 llinc
719 1455 781 1518 ille,
806 1456 879 1523 quod
895 1456 1029 1508 Nemeam
1045 1455 1073 1508 in
1091 1458 1173 1510 Polo⁴

144 1563 265 1616 ponneso
288 1548 431 1629 fugiebat,
456 1548 632 1601 obtruncatus
658 1552 699 1600 est
715 1547 743 1600 iu
761 1563 829 1601 area
845 1564 924 1601 sacra
940 1548 1072 1602 Nemeaei
1088 1549 1173 1617 lovis,

143 1656 216 1708 quae
238 1658 325 1710 prope
355 1642 433 1695 abeat
461 1641 497 1694 ab
528 1641 655 1694 Oeneone
680 1640 833 1693 Locrorum
857 1640 1030 1709 (Thucyd.
1049 1641 1099 1707 ΙΙΙ,
1114 1640 1173 1708 96.)

144 1733 173 1787 in
197 1750 267 1804 egro
289 1733 450 1802 Naupactio.
485 1734 584 1786 Mortis
608 1749 720 1786 cauum
741 1733 785 1785 sic
802 1733 909 1802 aperuit
925 1734 1074 1786 secundnm
1089 1733 1173 1786 falsu·

143 1827 204 1881 lam
224 1827 365 1895 antiquam
388 1827 565 1880 Plutarch.
583 1827 658 1894 Sept
676 1827 742 1895 Sap.
762 1827 847 1880 conr.
866 1825 915 1878 19:
943 1827 1086 1895 Μιλησίου
1103 1828 1174 1895 (lle-

144 1919 241 1972 modes
257 1937 356 1973 nomeu
372 1925 441 1985 erat,
460 1938 488 1973 v.
506 1921 716 1973 Eratosthenem
734 1935 779 1988 ep.
798 1923 870 1973 auct
886 1920 957 1973 cert.
967 1921 1051 1973 llom.
1065 1924 1094 1974 et
1105 1920 1173 1975 fles.

144 2031 173 2083 p.
185 2011 247 2077 323,
259 2012 316 2081 19.)
333 2011 395 2085 γάρ,
413 2011 451 2075 οἱς
468 2011 569 2081 ἔοικεν,
587 2009 708 2084 cindalia,
733 2003 756 2084 pi
772 2013 867 2078 ξενίας
884 2011 1027 2068 ἐκοινώνει
1042 2009 1173 2076 Ἡσίοδος

144 2105 193 2160 καί
210 2108 323 2175 διαίτης
340 2104 370 2161 ἐν
383 2109 513 2177 Λοκροῖς,
528 2108 565 2178 τῇ
582 2107 635 2162 τοῦ
650 2105 731 2173 ξένον
747 2106 870 2178 θυγατρί
880 2111 907 2174 ⁷)
924 2104 1021 2179 κρύφα
1038 2122 1174 2176 σνγγινο·
1239 2114 1242 2121 “

144 2197 232 2270 μένον
255 2199 305 2255 καί
328 2198 513 2271 φωραθέντος
530 2196 660 2269 ὑποψίαν
685 2197 763 2268 ἔσχεν
787 2197 826 2263 οίς
848 2196 933 2268 γνοὺς
950 2197 1000 2255 ἀπ’
1017 2195 1107 2270 ἀρχῆς
1123 2197 1173 2254 καί

145 2289 359 2366 συνεπικρύψας
381 2291 414 2347 τὸ
442 2288 566 2361 ἀδίκημα
588 2285 773 2363 andredesie
798 2291 898 2360 αἴσιος,
917 2290 1002 2364 lippia
1027 2291 1060 2348 tl
1083 2293 1174 2366 καιρῷ

144 2385 197 2447 καί
218 2386 338 2458 διαβολῇ
358 2382 518 2458 περιπεσών
542 2383 655 2448 οίὸίκως.
690 2381 857 2438 ἀπέκτειναν
881 2385 935 2456 γὰρ
958 2381 1057 2440 αὐτον
1071 2385 1100 2440 σί
1123 2386 1176 2455 τῆς

144 2480 296 2550 παιδίσκης
320 2475 440 2548 ἀδελφοί
463 2478 527 2552 περί
547 2475 582 2534 τὸ
599 2476 740 2550 Λοκρικὸν
757 2475 879 2548 Νέμειον
898 2476 1109 2551 ἐνεδρεύσαντες
1125 2477 1175 2535 καί

103 2706 107 2711 1
165 2640 196 2709 ⁶)
212 2637 290 2711 Ἐργ.
304 2642 406 2760 fihssksq.
426 2641 467 2692 Gi.
487 2640 575 2693 Plut.
590 2640 673 2693 Coun.
686 2643 758 2710 Sept.
773 2644 834 2709 Sap.
849 2643 890 2696 10.
914 2640 1054 2695 Procul.
1071 2638 1175 2697 Chrest.

236 2712 283 2762 .}.
301 2712 335 2760 Be
373 2744 380 2758 .

167 2727 339 2847 Oghygens
364 2768 416 2846 (al.
434 2776 562 2844 Phegeus,
581 2776 652 2844 quod
670 2794 765 2828 nomeu
783 2776 879 2843 legitur
897 2778 976 2828 etiam
993 2777 1065 2844 apud
1083 2778 1177 2828 Hom.

213 2847 406 2910 11.v,ll.15.
441 2845 610 2896 Herodot.
629 2847 677 2913 lX‚
691 2846 735 2898 96.
770 2847 858 2912 Virg.
880 2851 946 2900 Aen.
963 2847 1012 2908 lX‚
1030 2845 1107 2913 765.)
1126 2863 1176 2896 no·

216 2932 277 2967 men
295 2926 353 2966 erat
369 2914 486 2982 hospiti,
504 2914 576 2965 filiae
594 2915 712 2965 climens
730 2915 776 2979 (al.
796 2915 948 2979 Ctemene)‚
966 2914 1042 2978 filiis,
1062 2912 1176 2965 llesiodi

214 2983 448 3048 interfectoribus,
473 2984 617 3034 secundom
642 2981 849 3034 Alcidamantem
876 2987 916 3050 (v.
931 2983 1134 3034 Certamllom.
1148 2990 1174 3032 et

216 3055 281 3105 Hes.
300 3070 327 3120 p.
339 3053 399 3117 323,
417 3052 449 3104 13
464 3070 523 3119 sqq.
562 3052 602 3102 Gi.
630 3051 777 3103 Aristot.
803 3050 1038 3117 abacelam.)
1066 3050 1174 3118 Amphi·

146 3132 150 3141 ‘
215 3121 315 3190 phanes
333 3131 359 3170 et
377 3122 525 3187 Gauyctor,
540 3120 684 3171 secundum
702 3120 904 3171 Eratosthenem
922 3120 959 3186 (v.
978 3118 999 3168 l.
1014 3115 1048 3186 l.)
1072 3120 1174 3170 Ctime-

215 3208 264 3242 nus
282 3199 309 3240 et
327 3184 456 3255 Antiphus
474 3188 641 3256 Gauyetoris.
677 3190 754 3238 Hunc
772 3199 878 3240 secutus
891 3204 950 3239 csse
961 3186 1069 3238 videtur
1087 3188 1174 3237 Pau-

218 3258 450 3322 san.lX‚.‘il‚5.‚
468 3258 513 3324 qui
539 3273 587 3323 pro
613 3257 720 3324 Phygeo
743 3257 806 3307 item
824 3259 1002 3324 Ganyctorenr
1026 3255 1105 3304 hahet
1123 3272 1174 3321 pa-

218 3338 295 3380 trem.
331 3326 374 3376 Sic
406 3325 476 3376 cuim
498 3325 618 3391 intelligo
647 3326 816 3384 Pausaniam
841 3342 900 3376 nem
926 3323 999 3392 quod
1023 3322 1067 3373 hio
1084 3322 1175 3373 addit:

217 3391 325 3450 αὐτόθι
341 3389 511 3463 ἀσεβήσασιν
528 3389 557 3455 ἐς
574 3393 739 3447 Ποσειδῶνα
756 3390 864 3459 ἐγένετο
882 3391 917 3509 τῇ
932 3391 1093 3459 Μολυκρίδι
1110 3389 1175 3458 σφί-

218 3479 263 3519 σιν
280 3461 298 3530 ἦ
317 3463 392 3532 δίκη,
410 3480 463 3514 non
485 3463 617 3528 pertinere
634 3463 668 3512 ad
691 3461 799 3512 ulterius
824 3464 894 3512 inter
907 3459 1004 3510 actoris
1023 3459 1095 3510 filios
1109 3458 1175 3511 satis

237 3545 310 3585 utere
329 3544 404 3598 puto.
439 3533 471 3582 V.
485 3530 575 3582 Plut.
590 3530 726 3582 desolent.
739 3529 817 3581 anim.
835 3531 877 3580 13.
894 3532 1013 3596 Sympos.
1024 3529 1057 3595 V,
1071 3530 1097 3581 2.
1131 3527 1175 3580 Ad

215 3553 306 3655 ΙΙιουω
324 3599 506 3651 Eratosthenis
523 3600 656 3667 pertinere
674 3599 752 3650 ctiam
768 3598 874 3648 videtur
888 3597 960 3665 quod
973 3596 1053 3647 habet
1071 3592 1178 3649 Choe-¹

217 3672 389 3723 roboreus
406 3669 440 3718 ud
461 3668 598 3719 Theodos.
616 3669 714 3718 Canon.
737 3686 762 3734 p.
782 3667 825 3730 81,
848 3666 891 3718 27.
911 3665 993 3716 Gaisf.
1012 3662 1099 3731 γάνυξ
1124 3662 1175 3734 γυί-

215 3756 302 3801 ννκος
329 3733 361 3807 (ὁ
390 3733 519 3803 parciaco
565 3732 643 3789 ιιαοί
666 3735 707 3790 coi
723 3730 944 3806 Ἐρατοσθένιιλς
981 3734 1059 3784 aliter
1083 3745 1172 3785 temen

217 3807 357 3878 Giesius
382 3806 478 3874 statuit
501 3755 578 3872 (Ner
604 3755 656 3856 gen
679 3787 815 3856 iiolischen
834 3803 938 3853 Dialect
955 3819 980 3869 p.
1008 3802 1094 3868 lan),
1119 3803 1175 3871 qui,

216 3894 297 3944 quum
314 3870 462 3944 γανάκτωρ
480 3874 618 3926 Aeolicum
642 3892 699 3924 esse
723 3874 790 3925 dicit
814 3889 863 3940 pro
882 3868 1021 3940 ἀνάκτωρ,
1038 3888 1091 3928 uon
1110 3873 1174 3922 satis

216 3945 251 3996 ed
271 3941 360 4013 γοίνυξ
383 3939 505 4010 γάνυκος
522 3944 635 3993 animum
653 3941 797 3993 advertisse
815 3940 926 3992 videtur.
962 3935 1114 4011 Γανύκτωρ
1133 3949 1175 3990 est

216 4014 297 4064 etiam
314 4013 385 4080 apud
402 4013 509 4064 Noun.
529 4010 608 4062 Dion.
620 4013 680 4075 XL,
693 4011 752 4063 926.
788 4011 909 4061 Ceterum
935 4007 957 4058 si
983 4009 1041 4076 quis
1066 4017 1175 4076 quaerat

216 4082 319 4146 locum,
332 4100 385 4150 qno
399 4080 466 4132 haec
483 4080 570 4132 omnia
587 4079 733 4131 uarraverit
750 4076 950 4142 Eratosthenes,
964 4076 1104 4143 legendum
1120 4077 1177 4127 for·

216 4160 290 4202 tasse
307 4149 432 4202 couiieiet
454 4140 658 4221 Ἐρατοσθένῃς
681 4145 713 4202 δι’
730 4163 816 4215 φησιν
835 4142 864 4198 ἐν
879 4141 999 4216 Ἡσιόδῳ
1015 4146 1044 4197 in
1062 4147 1176 4197 Certum.

217 4235 247 4287 Pa
263 4220 323 4285 323,
339 4220 380 4274 14·
417 4217 457 4273 cf.
469 4218 542 4273 Dias·
554 4217 643 4284 Antiqe
657 4217 727 4270 Stude
744 4215 819 4269 1839·
834 4231 863 4282 Po
874 4214 936 4267 86οι
