2890 4898
278 404 382 451 mxu

279 543 331 611 λολ
349 542 522 626 γεγόνασιν
541 536 645 620 έτεροι
665 538 749 624 ζήλῳ
768 541 831 604 τού
850 539 991 603 παλαιοῦ
1010 535 1072 620 τὴν
1090 539 1208 622 κλῆσιν
1220 541 1302 621 λαμ·

280 643 454 722 βάνοντες·
492 636 641 718 καὶγὰρ
669 635 725 701 καλ
750 642 812 700 τού
841 635 980 711 Φωκέως
1005 628 1155 717 Ὀμήρου
1181 637 1302 701 τούτου

281 737 390 818 έτερος
419 735 552 816 ὑπάρχει
579 733 733 813 νεώτερος
763 729 923 813 Ὅμηρος.
966 722 1062 808 οὗτος
1097 733 1116 798 6
1148 736 1303 814 νεώτερος

271 829 417 917 Ὅμηρος
436 825 479 915 ἦν
498 835 573 906 ταῖς
588 827 813 918 Ἀνδρομάχου
833 836 878 911 τῷ
897 828 983 910 γένει
1004 830 1183 908 Βυζάντιος
1203 830 1222 895 ό
1242 832 1303 914 τὴν

228 932 249 996 5
281 931 511 1010 Εύρυπύλειαυ
529 928 675 1010 ποιήσας.
717 927 777 991 τόν
796 925 936 991 παλαιδυ
955 921 990 989 δέ
1008 920 1302 1009 ὍμηρονΛιονύ·

281 1041 351 1102 σιος
370 1026 389 1091 6
408 1025 638 1106 κυκλογράφος
657 1021 759 1105 φησὶν
778 1022 826 1087 ἐπ’
847 1023 1041 1106 άμφοτέρων
1058 1023 1215 1106 ὑπάρχειν
1233 1027 1302 1088 τῶν

282 1125 459 1206 Θηβαίκῶν
478 1123 653 1202 στρατειῶν
673 1120 729 1183 καὶ
747 1125 804 1204 τῆς
821 1119 918 1184 Ἰλίου
939 1119 1095 1195 άλωσεως.
1124 1119 1159 1184 έκ
1178 1121 1300 1186 τούτου

280 1214 341 1286 οὖν
368 1220 535 1303 λογίζομαι
563 1223 684 1282 τούτου
711 1222 772 1281 τού
794 1209 952 1282 Ἡσιόδου
982 1211 1065 1282 εἶναι
1084 1219 1302 1294 τετρακοσίων
1373 1268 1376 1273 «

279 1315 360 1382 έτῶν
378 1314 640 1398 προγενέστερον.
665 1306 881 1396 Ἀριστοτέλης
895 1314 957 1395 γὰρ
973 1314 992 1379 6
1011 1315 1204 1396 φιλόσοφος,
1224 1318 1301 1396 μάλ

229 1415 340 1480 1ολον
359 1409 395 1477 δέ
414 1407 505 1494 οἶμαι
525 1413 544 1477 6
564 1405 642 1487 τοὺς
661 1410 802 1487 πέπλους
822 1412 996 1490 συντάξας,
1022 1408 1058 1475 έν
1081 1420 1123 1494 τῇ
1147 1409 1307 1494 ’ορχομε-.

278 1511 361 1576 νίων
393 1511 536 1592 πολιτείᾳ
563 1508 768 1591 Στησίχορον
793 1508 851 1572 τὸν
877 1509 1052 1590 μελοποιὸν
1082 1503 1166 1574 εἶναί
1194 1524 1298 1590 φησιν

279 1607 356 1672 υέδν
380 1600 536 1671 Ἡσιόδου
565 1605 600 1675 έκ
626 1610 684 1689 της
713 1603 884 1689 Κλυμένης
911 1607 998 1687 αὐτῷ
1024 1606 1224 1688 γεννηθέντα
1244 1609 1302 1690 τῆς

273 1698 503 1786 Ἀμφιφάνους
522 1703 578 1772 καί
599 1703 810 1783 Γανύκτορος
825 1703 978 1787 άδελφῆς,
999 1704 1164 1784 θυγατρὸς
1182 1703 1217 1768 δὲ
1233 1707 1301 1785 Φη-

278 1800 369 1882 γέως.
411 1801 430 1866 6
459 1801 494 1865 δέ
514 1801 714 1883 Στησίχορος
734 1789 830 1873 οὗτος
850 1800 1031 1882 σύγχρουος
1050 1794 1093 1884 ἦν
1114 1802 1301 1889 Πυθαγόρη

228 1890 267 1956 15
278 1905 323 1979 τῷ
344 1899 515 1984 φιλοσόφῳ
534 1896 588 1962 καλ
607 1899 653 1982 τῷ
681 1897 918 1982 Ἀκραγαντίνην
941 1898 1108 1980 Φαλάριδι.
1143 1892 1300 1963 Ἀστυπα-

278 1988 387 2069 λαιεύς
408 1996 437 2059 δ’
458 1988 501 2080 ἦν
520 2001 564 2076 τῷ
584 1993 670 2075 γένει
690 1993 709 2058 6
731 1997 891 2075 Φάλαρις,
923 1993 966 2069 ὡς
987 1995 1084 2071 αύτός
1111 2008 1214 2076 φησιν
1234 1993 1300 2060 έπι-

279 2094 408 2167 στολαῖς
427 2095 499 2167 ταῖς
523 2092 642 2172 αὐτοῦ,
672 2092 834 2171 τύραννος
854 2091 890 2156 δέ
912 2092 1179 2173 Ἀκραγαντίνων.
1215 2086 1300 2176 Ἐγὼ

279 2186 315 2251 δέ
343 2188 404 2252 οὐκ
434 2189 772 2272 άκριβολογησάμευος
800 2183 1063 2270 Ἀκραγαντῖνον
1096 2187 1229 2254 ἐκάλεσα
1258 2198 1300 2275 τῇ

278 2292 375 2368 κοινῇ
404 2287 564 2375 συνηθείᾳ
590 2288 769 2372 χρώμενος·
806 2286 829 2370 η
860 2284 895 2350 δέ
919 2284 1106 2368 Ἀστυπάλη
1132 2287 1224 2362 πόλις
1242 2292 1300 2372 τῆς

226 2383 398 2463 2οΣάμου
420 2381 516 2448 έστίν.
558 2385 591 2448 οί
617 2384 652 2450 δέ
674 2377 822 2466 Ὀμήρου
849 2383 1068 2464 τετρακοσίοις
1094 2382 1300 2461 ύστερίζοντα

277 2479 368 2559 ἔτεσι,
379 2478 477 2545 ’καθά
490 2497 570 2565 φησι
583 2482 639 2545 καλ
652 2475 838 2561 Ἡρόδοτος.
866 2481 1091 2562 συυεγράγατο
1108 2480 1143 2543 δέ
1157 2472 1300 2547 όιτοιού-

277 2598 334 2652 τος
347 2570 500 2653 Ἡσίοδος
514 2579 649 2659 βίβλους
663 2575 841 2657 έκκαίδεκα,
853 2571 1000 2660 Ὅμηρος
1013 2575 1048 2641 δέ
1065 2576 1232 2653 όπαλαιδς
1248 2575 1300 2661 ιγ’.

276 2675 408 2754 τελευτᾷ
429 2673 464 2737 δέ
485 2668 669 2748 όἩσίοδος
696 2671 731 2737 έν
751 2674 889 2753 Λοκρίδι
912 2674 1180 2754 τοιουτοτρόπως.
1219 2677 1301 2757 μετὰ

277 2767 338 2850 τὴν
365 2769 461 2852 νίκην
488 2772 531 2852 ἣν
558 2771 660 2835 αύτδν
686 2768 889 2851 νενικηκέναι
916 2769 1017 2851 φασὶν
1037 2766 1087 2833 ἐπὶ
1109 2777 1148 2852 τῇ
1167 2774 1298 2857 τελευτῇ

226 2859 549 2946 95Ἀμφιδάμαντος
569 2868 614 2944 είς
634 2861 785 2949 Δελφοὺς
805 2866 983 2950 ἐπορεύθη,
1016 2866 1071 2931 καλ
1091 2864 1192 2951 ἐδόθη
1213 2871 1300 2954 αύτῷ

278 2962 392 3028 ούτοσέ
411 2962 431 3027 6
451 2967 611 3047 χρησμός·

338 3078 449 3160 ὄλβιος
469 3068 571 3154 οὗτος.
587 3075 671 3160 ἀνὴρ
693 3073 730 3152 ὃς
750 3074 828 3159 έμδν
848 3075 952 3157 δόμον
972 3073 1196 3161 άμφιπολεύει,

332 3167 495 3255 Ἡσίοδος,
516 3177 673 3259 Μούσῃσι
692 3172 851 3255 τετιμένος
871 3172 1071 3254 άθανάτησι·

336 3277 398 3336 τού
418 3272 460 3367 δη
479 3296 531 3339 τοι
550 3272 641 3347 κλέος
660 3272 747 3343 έσται
767 3269 846 3336 ὅσον
864 3272 892 3332 τ’
913 3265 1115 3336 ἐπικίδναται
1130 3262 1222 3349 Ἠώς.

344 3579 377 3629 V.
400 3582 423 3633 l.
441 3578 600 3633 παλαιοῦ
607 3582 620 3642 ]
640 3577 683 3627 Sic
701 3579 761 3629 Vat.
797 3576 882 3643 Vulgo
900 3575 1000 3631 πάλαι.

344 3649 378 3698 V.
397 3648 423 3700 5.
441 3645 625 3716 Εύρνπολίακ
639 3645 699 3694 Vnt.

343 3715 377 3765 V.
395 3716 421 3766 8.
439 3718 504 3770 τοῦ
519 3709 701 3779 Ἡσιόδου]
720 3712 764 3762 Sic
781 3714 841 3765 Vnt.
877 3713 963 3778 Vulgo
983 3707 1033 3764 τόν
1049 3705 1188 3763 Ἡσίοδον.

342 3783 377 3833 V.
396 3783 421 3833 9.
440 3779 750 3851 προγενέστερον]
770 3783 813 3830 Sic
825 3781 886 3831 Vnt.
922 3781 1009 3847 Vulgo
1027 3795 1122 3846 μεναγ.

342 3850 376 3900 V.
396 3851 436 3901 λθ.
453 3848 655 3915 Κλυμένης]
682 3861 723 3899 est
742 3849 944 3917 Wyttenbachfi
970 3848 1133 3909 emendatio;
1159 3862 1186 3896 v.
1206 3841 1299 3896 Schol·

274 3915 308 3967 ad
322 3920 401 3982 Oper.
416 3918 476 3970 269.
510 3918 595 3983 Vulgo
613 3913 767 3985 Κτημένης.

343 3984 376 4033 V.
395 3985 435 4036 13.
465 3980 640 4052 ἀδελφῆς]
681 3986 740 4037 Vnt.
767 3979 902 4052 άδελφού.
926 4014 959 4025 -
1005 3975 1301 4101 ΦηγέωςὲΦνγέως

273 4051 335 4101 Vnt.
354 4051 450 4113 Taum,
478 4051 590 4121 Θησέως
606 4054 709 4120 Neap.‚
736 4051 950 4115 ΦυσέωςΡολεσ.
969 4053 1135 4120 συνυπάτῳ.
1179 4065 1299 4100 eumuna.

272 4118 386 4177 Aristot.
399 4121 479 4173 Polit.
494 4121 587 4186 fragm.
604 4140 631 4189 p.
648 4123 706 4175 144.

342 4188 375 4243 V·
393 4189 437 4245 20.
456 4186 723 4260 ὑστερίζοντα]
742 4188 787 4240 Sic
804 4189 866 4240 Vnt.
903 4187 991 4254 Vulgo
1008 4183 1161 4258 ύστέριζον.
