2890 4898
1088 396 1138 440 dxl

174 533 254 586 Unde
277 530 437 585 Eustetlrius
461 532 583 585 hauserit
603 532 736 585 incertum
762 536 803 585 ost
828 532 856 585 io
874 535 954 586 11010
965 532 1071 587 iactura
1088 552 1138 588 ve·

105 632 196 680 terum
220 625 406 679 Scholiorum.
447 624 561 693 Legisse
584 642 646 677 eum
662 625 787 692 pleniora
804 641 887 692 quum
909 627 1138 692 0000000010-

105 720 221 770 beamus
246 718 273 769 iu
295 718 391 769 Sobel.
414 717 480 768 ven.
500 717 537 768 ad
554 717 586 769 11.
610 718 641 768 Β.
660 716 722 772 (128.
746 717 897 784 probabilis
918 723 959 770 est
983 718 1138 772 conlectura

107 811 211 880 llcynii
235 811 271 861 ad
294 808 422 876 Apollod.
442 806 580 872 11‚5‚5.,
605 825 656 860 nec
679 808 801 861 reticebo
824 808 912 861 videri
934 807 1004 860 mibi
1026 807 1136 859 interei-

107 904 178 956 disse
196 919 308 955 versum
326 906 388 968 post
406 896 560 968 μακάρεσσι
575 902 683 965 θεοῖσι,
709 901 786 952 cuius
803 902 874 953 baec
891 899 974 952 fuerit
990 899 1137 951 sententias

106 996 153 1049 dd
177 993 402 1057 Dulichium,
427 1009 493 1059 quo
517 1008 590 1044 eam
608 994 766 1061 Phyleus
792 1011 833 1046 ex
856 994 980 1062 Tegea
1001 997 1137 1057 raptam

107 1087 215 1140 duxit.
253 1085 405 1138 Recusabis
427 1084 544 1136 fortasse
561 1087 793 1152 supplementum,
815 1094 868 1152 quo
893 1082 1012 1135 admisso
1034 1085 1069 1136 de
1086 1083 1137 1136 Ti·

106 1178 242 1231 mandrae
266 1176 401 1229 adulterio
419 1177 506 1227 multo
531 1177 673 1230 verbosius
698 1185 848 1245 exponatur
873 1193 955 1244 quem
973 1176 1007 1227 de
1025 1177 1137 1245 Clytae-

106 1275 247 1322 mnestrae
259 1272 285 1321 et
296 1271 428 1321 Helenae.
456 1268 528 1320 Huic
546 1268 706 1322 dubitationi
718 1271 757 1322 sic
773 1270 942 1337 respondeo:
960 1268 1007 1320 vix
1024 1268 1137 1338 excogi-

106 1361 161 1416 tari
180 1377 268 1428 posse,
286 1360 356 1412 uude
367 1361 527 1413 Eustatbius
541 1361 575 1413 de
586 1362 755 1415 Timandrue
771 1362 840 1431 fuga
856 1362 894 1413 ad
909 1359 1068 1413 Dulichium
1085 1375 1135 1413 au·

106 1453 166 1505 dire
186 1453 321 1519 potuerit,
347 1452 399 1506 nisi
421 1472 455 1506 ex
472 1454 524 1507 isto
541 1454 601 1522 ipso
617 1454 773 1522 fragmento
791 1454 947 1506 llesiodeo=
971 1450 1136 1514 tum„ideo

107 1544 264 1597 accuratius
281 1545 309 1596 in
326 1545 381 1597 boc
399 1546 433 1597 de
450 1546 601 1598 Timaudra
618 1546 717 1598 referri
734 1562 816 1613 quam
835 1548 873 1599 de
892 1543 1043 1608 sororibus,
1071 1544 1136 1611 quis

105 1637 206 1690 harum
225 1637 302 1688 fama
320 1637 526 1704 percrebuisset,
541 1638 614 1691 illius
630 1638 734 1691 novitia
750 1644 839 1702 esset3
862 1638 940 1690 cuius
964 1637 1024 1690 fata
1041 1641 1070 1689 et
1086 1637 1135 1689 de·
1164 1676 1172 1698 .

109 1729 192 1780 decus
209 1745 245 1780 ne
263 1733 358 1794 postea
375 1728 498 1796 quidem,
516 1736 647 1796 quantum
664 1730 780 1794 scimus,
798 1729 827 1782 iu
842 1746 939 1792 scena,
964 1745 1034 1796 quae
1056 1745 1135 1781 soro·

107 1837 168 1872 rum
187 1820 305 1888 piaculis
321 1822 467 1887 personuit,
486 1823 580 1874 auditu
597 1828 673 1889 sunt,
691 1840 742 1874 nec
760 1821 909 1875 Pausanias
926 1821 1001 1889 ipse,
1018 1821 1136 1887 antiqui-

106 1912 170 1965 tatis
193 1912 418 1981 diligentissimus
440 1920 588 1979 scrutator,
621 1914 687 1967 satis
708 1920 837 1967 accurate
859 1918 986 1979 noverat,
1013 1913 1135 1966 scribens

108 2006 241 2072 pulvereo
265 2002 305 2059 δέ.
339 2006 453 2057 Versum
476 2006 604 2074 denique,
628 2024 709 2074 quem
731 2014 762 2060 tu
787 2007 856 2060 iuter
878 2008 1035 2077 fragmenta
1056 2023 1136 2060 rece-

109 2096 171 2164 pisti
192 2115 226 2149 ex
243 2098 338 2150 Scbol.
356 2099 430 2150 Vrat.
449 2097 560 2150 Pindari
583 2099 631 2164 xl,
649 2097 699 2150 tt:
728 2097 891 2171 Τιμάνδρην
909 2097 1027 2167 Ἔχεμος
1048 2102 1133 2153 balr-

110 2187 162 2260 pips
184 2187 318 2256 ποιήσατ’
342 2185 468 2255 ἄκοιτιν,
493 2206 555 2240 cum
579 2189 705 2242 versibus
728 2209 799 2243 nuuc
820 2192 935 2259 repertis
953 2192 1136 2261 conglutinari

110 2298 197 2350 posse,
214 2299 324 2334 mecum
341 2280 495 2334 dubitabis:
524 2299 604 2348 quem
627 2283 696 2334 milri
719 2300 772 2335 uon
796 2283 954 2351 persuasisti
976 2283 1012 2335 sd
1027 2282 1136 2351 Aegi·

110 2374 211 2426 mium
227 2374 376 2442 pertinere,
394 2391 448 2440 quo
465 2373 582 2426 retulisti
599 2374 627 2425 in
645 2373 738 2441 priore
755 2374 890 2427 Editioue.
926 2374 1020 2438 Vides,
1039 2374 1136 2427 Goett-

108 2465 190 2535 tingi,
206 2484 252 2518 me
270 2483 324 2517 uon
341 2465 422 2518 nimis
439 2482 565 2517 securum
581 2482 641 2518 esse
658 2483 709 2518 uec
727 2468 761 2519 de
778 2466 861 2518 huius
878 2465 1013 2518 Carminis
1030 2482 1081 2517 nec
1100 2467 1135 2519 de

109 2557 167 2609 eius
183 2562 282 2622 aetate,
299 2558 371 2610 uude
388 2559 516 2626 decerpta
533 2563 603 2625 sunt,
621 2574 691 2625 quae
703 2557 870 2611 scholiastes
878 2556 1018 2625 Euripidis
1035 2575 1136 2627 suppe-

17 2660 19 2713 g
109 2649 212 2702 tinnit

174 2741 293 2811 Rogasti
300 2740 439 2807 Scholion,
452 2742 601 2812 Goettlingi
615 2742 779 2807 doctissime,
791 2758 844 2792 non
859 2743 1022 2797 senteutiam
1033 2759 1136 2797 meam.

18 2826 19 2873 ἶ
108 2835 178 2887 Dedi
194 2840 352 2902 utrumque3
377 2851 428 2886 nec
446 2837 606 2888 sententiam
623 2853 678 2887 neu
700 2841 814 2905 rogatus
837 2835 973 2899 tulissem,
997 2837 1050 2888 nisi
1065 2838 1136 2889 haee

107 2927 183 2994 prius
198 2927 301 2995 partim
319 2927 473 2995 conscripta
488 2928 659 2993 habuissem,
682 2929 737 2981 alio
754 2934 877 2995 tempore
894 2931 1062 2996 promenda3
1085 2930 1135 2983 sed

108 3035 188 3072 omne
204 3021 268 3084 hoc,
287 3019 416 3087 quidquid
433 3026 475 3072 est
490 3021 625 3072 bonarum
636 3020 787 3086 literarum,
807 3036 950 3074 commune
964 3023 1067 3074 bouum
1084 3026 1134 3074 est.

107 3108 214 3176 Uteris,
237 3115 268 3163 ut
292 3112 405 3165 lubebit.
439 3113 545 3166 Eadem
568 3112 675 3180 plenius
698 3113 842 3165 elaborare
863 3118 891 3166 et
914 3114 1072 3181 exquisitius
1089 3129 1135 3165 or-

108 3219 174 3255 nare
192 3204 238 3256 Tu
261 3209 388 3273 poteras,
412 3205 489 3258 cuius
512 3205 661 3258 doctrinam
683 3205 889 3274 magnifacere
912 3207 998 3258 soleo.
1032 3206 1137 3272 Quodsi

108 3295 207 3366 dignas
233 3290 372 3349 censueris'
385 3298 437 3350 has
453 3298 547 3351 literas
563 3314 655 3362 meas,
678 3313 749 3364 quse
773 3298 899 3358 edantur,
922 3312 976 3348 uon
999 3296 1136 3349 nocituras

108 3404 186 3441 meae
201 3387 413 3454 existimationi,
430 3391 495 3451 ede,
510 3387 606 3444 πάντα
622 3385 784 3456 χισύμσιτιι,
810 3405 845 3440 ue
862 3387 1007 3455 postremis
1024 3388 1135 3456 quidem

107 3479 151 3532 lsis
168 3480 294 3534 resectis:
313 3481 339 3533 iu
358 3498 412 3548 quo
429 3483 580 3535 modestiae
594 3487 658 3535 tuae
672 3483 801 3533 damnum
814 3496 867 3549 ego
881 3480 1034 3546 praestabo.
1058 3480 1135 3533 Vale·

176 3597 280 3665 Scripsi
299 3599 385 3670 bugd.
404 3600 574 3653 Batavorum

226 3690 270 3741 die
288 3691 331 3743 13.
349 3691 418 3745 Nos.
436 3691 513 3746 1842.

175 3824 207 3875 ln
231 3825 328 3891 quibus
352 3827 438 3880 literis
461 3829 546 3882 facile
562 3828 675 3899 diguam
692 3827 896 3880 Valckenaeriis
912 3826 1136 3895 Rubnlreuiisque

105 3915 209 3986 ingenii
220 3918 309 3970 aciem
316 3934 466 3989 agnosces3
478 3927 536 3975 tam
546 3921 659 3991 egregie
666 3921 778 3973 Geelius
785 3918 910 3973 versusd.
918 3923 946 3972 ot
954 3917 979 3971 4.
987 3919 1136 3990 fragmenti

106 4008 232 4062 restituit.
273 4011 364 4078 Quam
393 4014 591 4067 restitutionem
619 4015 720 4066 mirum
751 4018 881 4080 quantum
905 4012 1051 4065 coufirmat
1079 4014 1135 4064 Eu·

106 4103 188 4155 statls.
207 4104 244 4156 ad
263 4103 295 4156 11.
313 4105 335 4156 l.
354 4122 382 4173 p.
400 4105 461 4158 125.
478 4104 539 4158 126.
558 4110 586 4158 ct
601 4104 662 4170 aas,
679 4103 722 4156 45.
744 4105 869 4175 [Fragm.
889 4105 995 4157 CCXX.
1014 4120 1041 4156 n.
1059 4104 1133 4170 ed.]:

107 4194 154 4249 nst
175 4192 318 4259 Ἡσίοδος·
351 4194 443 4252 Φυλέα
467 4198 550 4267 φίλοι
568 4195 725 4269 μακάρεσσι
752 4199 860 4263 θεοῖσι,
891 4197 940 4250 ubi
962 4198 1136 4249 Hermannus
