2890 4898
287 376 362 425 ucri

287 518 428 572 neem„
446 490 608 574 ren-:ue
625 508 861 571 ree.-eee-·ren
872 510 1119 566 naa-enarro:
1132 506 1317 580 normanna.

290 606 424 683 ntegrum
447 618 542 666 antem
564 604 827 679 iiiei'Tireegnniae
843 602 1027 677 icugmenrrm
1051 622 1085 657 eo
1101 598 1318 670 etiam'a'ce'efflt,

291 707 364 774 qucd
387 711 482 774 postea
506 697 582 757 neec·
592 700 711 754 Hesiodi
728 696 892 770 Theogenie
909 714 980 764 rece,
992 704 1034 751 'nt
1055 699 1128 750 sacri
1144 698 1317 753 cunerem

289 792 357 852 11111ίῖ
369 792 443 866 libri,
460 803 600 850 recteest
617 794 794 862 interpretes,
813 788 1197 861 Pherecydermlricuriienm,
1209 788 1317 843 ‘Eume

289 894 366 946 rem-⁴
379 885 511 958 eliasque
528 891 721 958 philosophos,
752 887 811 954 qui,
843 889 867 939 si
895 886 1052 954 philosophi
1080 880 1205 936 alicuius*
1227 884 1317 936 fetum

290 980 452 1053 iiabuissem
472 978 681 1053 Theogoniam,
709 986 740 1033 ut
762 974 895 1031 nostrates
919 974 1030 1046 quidam
1053 972 1240 1042 erediderunt,
1263 990 1318 1030 noa

290 1090 360 1145 opus
367 1077 527 1131 habuissent
543 1073 773 1142 interpretari
788 1087 895 1125 summa
907 1071 964 1122 fide
977 1070 1110 1136 adhibita,
1124 1072 1318 1137 seripieneaut

290 1171 460 1241 ignoraesent
471 1175 519 1223 aut
531 1168 694 1221 abiecissent
706 1163 830 1229 iaeiiius,
844 1165 916 1231 quod
929 1164 1034 1231 primus
1045 1179 1127 1214 ausas
1138 1165 1317 1232 Anaxagorae

289 1269 348 1329 eet,
373 1254 460 1330 quum
480 1246 592 1315 Heiium
615 1277 669 1312 nen
687 1261 768 1312 deum
783 1258 966 1339 essedieeret,
985 1252 1316 1327 conprensarumque,
1397 1317 1403 1321 ,

291 1350 367 1409 euius
385 1353 468 1408 ausus
483 1361 578 1422 postea
594 1368 711 1421 poenam
729 1352 781 1406 iuit
796 1345 936 1420 magnam.

360 1444 455 1503 Omnis
479 1454 570 1500 antem
595 1445 768 1516 mythologie
792 1445 964 1511 antiquorum
987 1442 1160 1510 populorum
1170 1436 1316 1495 sistriireta

285 1538 336 1595 ‘est'
348 1543 375 1595 in
392 1546 485 1610 partes
502 1545 565 1603 tres,
584 1539 791 1608 cosmogeniam
809 1555 830 1589 s.
849 1537 1001 1588 doctrinam
1019 1532 1054 1588 (11Ι
1070 1537 1210 1598 munnio,
1232 1536 1314 1588 theo-

280 1631 403 1705 ·gn'niam
432 1651 454 1685 a·
477 1631 639 1689 doctrinam
654 1632 690 1685 de.
714 1631 801 1697 (iiis,
832 1628 1045 1697 heroegeniam'
1060 1646 1081 1679 s.
1106 1629 1259 1695 doctrinam
1279 1630 1315 1680 rie

289 1726 501 1780 hominibus.
535 1725 643 1777 Harum
667 1720 739 1790 quae'
760 1718 933 1791 primoloen
964 1726 1005 1774 est
1026 1723 1116 1789 posita
1140 1721 1316 1791 cosmogonia
1372 1708 1374 1713 ’

290 1824 321 1888 (a
339 1829 421 1872 tersa
438 1817 498 1870 116.
516 1834 602 1886 nsque
620 1818 655 1869 ari
680 1812 767 1884 452.)
789 1832 872 1883 quum
894 1812 1028 1867 notiones
1041 1812 1212 1867 minamine
1229 1815 1316 1871 nonti-

289 1917 366 1978 neet,
382 1900 460 1979 'quae
479 1914 553 1964 cultu
571 1917 598 1963 et
620 1911 755 1980 reiigione
778 1908 890 1979 promus
907 1911 979 1977 apud
998 1908 1119 1960 Graecos
1135 1913 1214 1960 erant
1231 1906 1316 1960 desti·

290 2010 366 2070 tuta,
390 2002 647 2073 nemo'mirabitur,
674 2021 727 2055 nnn
742 2000 839 2057 endem
861 2005 889 2056 in
913 2004 1039 2056 omuibus
1061 2017 1093 2053 ae
1110 2000 1226 2072 singuiis
1243 2003 1316 2071 apud

202 2104 204 2107 ’
288 2097 490 2166 antiquissimos
513 2094 609 2165 poetas
634 2097 684 2151 niti
707 2092 892 2149 fundamento.
928 2096 975 2148 Sic
992 2113 1058 2152 sano
1075 2098 1190 2153 Hesiodi
1207 2112 1313 2148 eneme-

290 2194 373 2262 genia
389 2191 498 2243 videtur
516 2191 618 2243 distare
635 2191 671 2243 ab
690 2186 846 2255 Homerica,
864 2207 946 2256 quam
961 2195 1042 2257 poeta
1054 2193 1129 2244 velut
1142 2183 1315 2258 aliud'agene

290 2278 517 2337 commemorauit
538 2282 617 2337 iliad.
635 2285 706 2349 xiv,
722 2282 801 2346 m,
826 2270 926 2334 (in'c'ene
948 2284 1016 2334 (iens
1038 2280 1131 2336 omnes
1153 2280 1315 2352 progenitos

290 2394 349 2430 erse
372 2378 449 2444 nque
477 2367 526 2429 sea
551 2372 666 2429 Oceano
685 2393 718 2428 ac
740 2376 859 2444 Tethye.
895 2378 937 2428 Ex
964 2377 1079 2429 Hesiodi
1102 2394 1169 2429 vero
1190 2376 1315 2428 carmine

286 2469 411 2539 e'ystema
435 2467 627 2539 physiologiae
644 2499 680 2511 -
695 2468 789 2521 iicebit
814 2469 885 2520 enim
910 2468 1024 2537 antiqne'
1044 2469 1151 2521 nomine
1172 2468 1315 2537 significa-

288 2560 363 2613 tione
378 2560 491 2627 ,antiqua
508 2561 548 2611 uti
566 2590 598 2602 -
616 2555 702 2613 inulte
728 2561 864 2614 elimatius
881 2564 1029 2614 Homerico
1053 2568 1079 2614 et
1096 2560 1315 2615 sortasse‘etiam

285 2654 424 2708 recentius
442 2668 585 2721 emergere
602 2654 723 2720 videtur,
747 2656 776 2706 in
793 2654 868 2706 cuius
885 2653 975 2706 fronte
1000 2655 1114 2706 Giraes
1136 2655 1316 2707 introducitur

265 2782 270 2793 .
291 2746 324 2814 (1.
343 2746 375 2798 es
385 2743 540 2811 Spatium),
566 2750 661 2812 postea
683 2746 839 2801 Materia
863 2747 894 2816 (i.
914 2766 937 2799 e.
957 2749 1066 2814 Teiins)
1085 2753 1112 2807 et
1136 2749 1244 2801 Amor
1265 2749 1314 2813 ita,

291 2844 322 2890 ut
335 2838 386 2889 iiia
404 2837 523 2904 primum
541 2839 583 2890 e‘x'
596 2855 639 2905 se,
658 2840 715 2891 sine
733 2841 859 2908 coniuge,
877 2840 926 2891 sed
943 2838 1066 2893 adiutore
1084 2842 1183 2893 Amore
1200 2840 1316 2908 (Hesio-

285 2930 350 2985 nine
362 2928 434 2984 enim
450 2930 534 2982 Amor
544 2930 571 2983 in
584 2936 760 3004 cosmngnnia
772 2935 831 2986 iere
844 2932 924 2986 idem'
935 2938 982 2999 est,
1002 2935 1073 3000 quod
1089 2933 1183 3001 θυμός
1200 2935 1229 2986 in
1246 2951 1316 3002 pey-

292 3023 422 3095 eiiningia
438 3022 536 3077 sen'ri
556 3025 658 3095 φέρον,
685 3029 755 3095 qued
773 3028 931 3080 Aristoteles
948 3026 1012 3078 dicit
1030 3029 1091 3079 lece
1106 3027 1315 3096 Metaphysiee-

217 3158 222 3163 .
290 3117 351 3170 rum
367 3117 441 3169 inira
456 3118 622 3185 laudando),
639 3119 769 3186 coelum,
785 3122 907 3183 Montes,
926 3121 1041 3172 Pontum
1056 3126 1199 3188 procreet,
1218 3126 1316 3188 postea

291 3228 353 3265 eum
368 3212 454 3263 cneio
478 3204 659 3262 concumbens
682 3218 792 3280 praeter
812 3214 869 3265 alia
892 3213 1003 3264 numina
1027 3213 1110 3265 etiam
1130 3214 1269 3265 Oceanum
1287 3218 1316 3266 et

290 3304 416 3371 Tetiryn,
442 3319 510 3369 quos
532 3308 637 3354 eeteros
660 3305 929 3374 deoa'prngenuisse'
946 3305 1044 3358 dieitur
1060 3323 1201 3373 nusquam.
1230 3304 1316 3358 vHaec
1379 3314 1383 3321 '

283 3398 374 3466 *igitur
396 3411 499 3464 magna
525 3400 590 3448 sane
616 3398 734 3455 videtur,
756 3399 909 3451 differentia
936 3416 1012 3461 ease,
1043 3414 1097 3450 nnn
1119 3405 1196 3452 tanta
1213 3384 1315 3464 tamen,

284 3495 392 3557 quanta
404 3489 491 3541 videri
501 3491 588 3557 possit
600 3492 720 3559 primum
733 3489 972 3542 considerantibus.
990 3491 1109 3557 Utraque
1122 3491 1193 3544 enim
1208 3490 1317 3543 cosme-

291 3583 376 3653 gonia
404 3582 450 3635 via
480 3588 585 3636 tantum
615 3583 721 3647 differt,
754 3599 807 3633 nen
829 3580 943 3633 ratione.
987 3582 1092 3636 Omnes·
1111 3584 1184 3635 enim
1209 3583 1247 3635 (iii
1270 3601 1317 3635 ee-

291 3677 408 3728 eundum
435 3677 550 3729 Homeri
580 3681 608 3728 et
639 3674 753 3727 Hesiodi
783 3674 941 3727 doetrinam'
963 3677 1015 3729 orti
1047 3681 1107 3729 eunt
1130 3682 1163 3728 e'x
1188 3675 1316 3741 materie,

291 3772 344 3822 nen
361 3771 433 3822 inane
449 3773 662 3837 procreaverunt
677 3768 738 3835 ipsi.
773 3769 836 3819 Hac
854 3772 946 3819 autem
956 3770 1138 3836 pantheistica
1151 3771 1225 3837 (utor
1242 3768 1317 3821 enim

291 3869 401 3931 recepto
419 3865 492 3932 apuri
509 3880 558 3914 nes
575 3861 723 3926 vocabulo)
741 3861 864 3914 doctrina
879 3846 1243 3932 Graecorum⁸cesmognnia
1258 3867 1315 3914 teto

283 3960 369 4019 ¹cneio
387 3957 479 4009 differt
496 3973 513 4007 a
537 3954 714 4023 cnamngnnia
731 3958 894 4022 populorum
912 3955 1100 4022 orientalium,
1117 3954 1317 4026 Aegyptiorum

291 4050 437 4118 praecipue
461 4053 488 4100 ot
506 4047 663 4110 Persarum,
690 4063 805 4112 quorum
829 4047 867 4100 (iii
888 4049 1033 4101 materiam
1051 4055 1099 4102 aut
1117 4049 1172 4117 ipsi
1187 4062 1316 4116 procrea-

291 4148 353 4195 runt
384 4146 431 4194 aut
463 4144 536 4192 certe
561 4136 678 4203 oppositi
692 4133 825 4192 'materiei
849 4145 917 4192 sunt.
958 4142 1049 4194 Aliam
1071 4144 1222 4211 dectrinam
1245 4139 1315 4193 inter

292 4237 414 4290 Graecae
434 4233 540 4304 primus
561 4234 711 4287 secundine
727 4233 880 4304 Diogenem
896 4234 1038 4289 Laertium
1057 4234 1192 4306 (1,1‚9.)
1210 4234 1316 4288 Thales
